2217 3559
778 156 782 161 ⁴
824 101 1114 150 EPODON
1149 101 1381 161 LIBER,
1420 102 1467 152 9.
1934 100 2003 150 σε

509 181 628 236 Nec
670 183 741 236 sit
778 182 988 250 marita,
1028 199 1169 251 quae
1208 181 1617 235 rotundioribus

581 257 794 310 Onusta
829 256 1008 310 baccis
1044 257 1302 311 ambulet.

509 331 672 399 Quid,
711 331 859 400 quod
892 331 1063 384 libelli
1103 332 1270 385 Stoici
1306 333 1454 383 inter
1491 331 1693 384 sericos

576 407 613 458 J
616 422 774 459 acere
810 406 1059 474 pulvillos
1097 409 1319 461 amant:

510 481 598 535 Illi
606 480 768 535 terati
804 498 936 534 num
973 482 1151 534 minus
1189 480 1343 535 nervi
1380 482 1573 548 rigent,

580 556 828 610 Minusve
865 556 1088 624 languet
1124 557 1427 610 fascinum?

507 629 669 695 Quod
708 634 773 684 ut
810 632 1045 700 superbo
1085 646 1344 699 provoces
1385 630 1454 683 ab
1492 630 1728 698 inguine,

561 705 672 759 Ore
708 706 1116 759 allaborandum
1156 710 1243 760 est
1281 706 1399 759 tibi.
1960 724 2004 762 ιο

1105 851 1209 908 ΙΧ.

506 934 747 1000 Qmmno
779 938 1059 1002 repostum
1101 933 1411 987 Caecubum
1448 932 1520 985 ad
1558 931 1726 984 festas
1764 930 1933 998 dapes

576 1010 801 1063 Victore
837 1011 1015 1063 lactus
1055 1010 1289 1063 Caesare

505 1085 707 1140 Tecum
730 1085 848 1155 ‚sub
889 1086 1147 1139 alta-sic
1188 1086 1225 1137 J
1229 1085 1316 1137 ovi
1356 1083 1818 1152 gratum—domo,

575 1161 747 1214 Beate
787 1161 1089 1226 Maecenas,
1130 1160 1315 1213 bibam

505 1235 743 1290 Sonante
780 1237 1011 1289 mixtum
1039 1237 1195 1290 tibiis
1233 1253 1450 1289 carmen
1488 1235 1636 1304 lyrae
1981 1248 2008 1290 5

575 1312 696 1365 Hac
734 1311 976 1380 Dorium,
1014 1313 1120 1365 illis
1152 1312 1479 1366 barbarum?

506 1385 588 1440 Ut
623 1404 813 1455 nuper,
853 1392 1006 1441 actus
1052 1405 1175 1442 cum
1212 1388 1356 1441 freto
1396 1387 1706 1454 Neptunius

574 1462 702 1515 Dux
739 1463 885 1529 fugit
921 1462 1060 1516 ustis
1096 1463 1342 1529 navibuS,

504 1536 750 1591 Minatus
789 1537 931 1591 Urbi
967 1538 1156 1606 vincla,
1195 1555 1336 1607 quae
1374 1538 1687 1591 detraxerat

574 1613 758 1666 Servis
795 1614 998 1667 amicus
1036 1614 1278 1681 perfidis.
1967 1627 2008 1665 10

507 1687 1024 1755 RomanuS‚—eheu‚
1064 1689 1273 1756 posteri
1310 1687 1647 1756 negabitis-

574 1764 958 1833 Emancipatus
996 1765 1233 1817 feminae

506 1838 641 1892 Fert
680 1840 879 1892 vallum
921 1844 980 1894 et
1018 1858 1171 1893 arma
1209 1839 1365 1893 miles
1408 1843 1468 1894 et
1510 1835 1843 1907 spadonibus

575 1915 791 1969 Servire
829 1917 1042 1983 rugosis
1083 1920 1282 1984 potest,

506 1989 770 2059 Interque
812 1991 973 2059 sigua·
1004 1996 1165 2059 turpe
1206 1992 1462 2046 militaria
1966 2004 2007 2043 15

573 2066 665 2118 Sol
701 2066 936 2134 adspicit
975 2068 1279 2136 conopium.

506 2140 587 2193 At
624 2141 730 2194 huc
768 2142 1062 2195 frementes
1101 2146 1386 2196 verterunt
1422 2143 1509 2197 bis
1551 2142 1699 2195 mille
1742 2156 1912 2210 equos

572 2215 730 2284 Galli,
769 2222 1024 2270 canentes
1065 2218 1368 2286 Caesarem,

506 2289 913 2361 Hostiliumque
950 2294 1167 2346 navium
1206 2298 1371 2363 portu
1408 2294 1585 2347 latent

574 2367 792 2435 Puppes
833 2368 1206 2422 sinistrorsum
1246 2369 1400 2423 citae.
1958 2382 2003 2420 20

505 2441 569 2495 Io
610 2443 917 2512 Triumphe,
956 2449 1019 2498 tu
1056 2445 1285 2499 moraris
1322 2462 1517 2498 aureos

572 2519 778 2572 Currus
821 2525 879 2574 et
918 2522 1149 2574 intactas
1190 2521 1391 2575 boves?

505 2593 569 2645 Io
607 2595 916 2663 Triumphe,
958 2614 1058 2650 nec
1096 2598 1430 2664 ,Iugurthino
1467 2614 1655 2668 parem

570 2669 724 2722 Bello
762 2673 1057 2739 reportasti
1098 2673 1309 2741 ducem,

502 2743 697 2813 Neque
743 2747 1076 2816 Africanum,
1119 2749 1206 2801 cui
1245 2766 1408 2816 super
1447 2750 1844 2819 Karthaginem
1957 2771 2003 2810 25

569 2819 762 2874 Virtus
802 2823 1107 2889 sepulcrum
1148 2825 1405 2877 condidit.

501 2893 670 2949 Terra
706 2899 952 2966 marique
989 2899 1165 2953 victus
1206 2900 1377 2953 hostis
1415 2902 1612 2969 punico

568 2970 828 3039 Lugubre
870 2975 1101 3028 mutavit
1140 2991 1342 3043 sagum.

504 3047 619 3100 Aut
657 3048 750 3101 ille
788 3053 1008 3103 centum
1048 3050 1286 3103 nobilem
1326 3050 1547 3106 Cretam
1583 3052 1815 3108 urbibus

567 3121 761 3178 Ventis
794 3125 973 3178 iturus
1008 3141 1117 3178 non
1152 3127 1279 3193 suis,
1954 3148 1999 3187 ω
