2217 3559
732 103 1140 155 CARMINUM
1172 104 1279 153 111.
1320 105 1393 153 16.

490 186 609 240 Nec
641 184 742 238 flos
775 202 1083 254 purpureus
1120 202 1275 238 rosae

559 260 680 314 Nec
713 261 830 328 poti
865 261 1102 315 vetulam
1140 259 1289 313 faece
1327 264 1485 313 tenus
1520 261 1654 316 cadi.

986 403 1146 457 XVI.

492 483 782 537 INcnUSAM
818 485 1046 538 Danaen
1080 485 1251 538 turris
1286 490 1455 538 aenea

493 559 881 627 Robustaeque
916 561 1060 613 fores
1096 564 1155 613 et
1190 560 1412 627 vigilum
1447 575 1643 612 canum

491 633 699 687 Tristes
735 635 995 689 excubiae
1029 636 1343 688 munierant
1376 634 1508 688 satis

562 709 858 762 Nocturnis
892 710 964 762 ab
998 710 1277 776 adulteriS,

494 784 553 837 Si
586 800 693 836 non
731 785 1006 838 Acrisium
1040 784 1265 852 virginis
1299 786 1522 839 abditae

496 859 792 912 Custodem
827 860 1083 927 pavidum
1120 860 1158 912 J
1161 861 1381 928 uppiter
1414 865 1474 914 et
1508 861 1697 915 Venus

496 933 782 1001 Risissent‚
818 936 935 988 fore
972 936 1115 989 enim
1151 940 1333 989 tutum
1366 937 1475 990 iter
1509 940 1567 990 et
1597 940 1794 1004 patens

565 1010 835 1062 Converso
869 1010 925 1063 in
960 1012 1200 1097 pretium
1237 1011 1354 1065 deo.

497 1084 710 1137 Aurum
746 1103 846 1153 per
880 1085 1091 1139 medios
1124 1087 1207 1138 ire
1242 1086 1507 1141 satellites

497 1159 572 1212 Et
604 1176 958 1228 perrumpere
994 1163 1143 1213 amat
1177 1178 1307 1214 saxa
1340 1161 1622 1230 potentius

497 1233 622 1287 Ictu
658 1235 943 1288 fulmineo:
979 1236 1217 1290 concidit
1251 1237 1474 1304 auguris

567 1311 758 1377 Argivi
793 1311 988 1364 domus
1023 1311 1094 1364 ob
1128 1312 1336 1364 lucrum

499 1383 763 1438 Demersa
797 1385 993 1439 exitio
983 1428 996 1449 ,
1031 1386 1235 1440 diffidit
1267 1387 1484 1440 urbium

500 1459 693 1512 Portas
727 1460 811 1513 vir
845 1461 1077 1515 Macedo
1114 1466 1172 1515 et
1208 1463 1423 1516 subruit
1456 1463 1694 1517 aemulos

500 1533 678 1601 Reges
712 1536 1055 1601 muneribus;
1089 1554 1317 1590 munera.
1349 1538 1568 1591 navium

568 1610 768 1663 Saevos
802 1612 1099 1680 illaqueant
1136 1612 1314 1665 duces,

501 1685 847 1739 Crescentem
885 1688 1134 1756 sequitur
1168 1705 1299 1741 cura
1332 1689 1617 1757 pecuniam

499 1760 883 1831 Majorumque
921 1764 1107 1815 fames,
1178 1764 1216 1816 J
1218 1781 1317 1817 ure
1350 1764 1635 1832 perhorrui

499 1834 636 1888 Late
670 1838 1017 1906 conspicuum
1052 1839 1246 1891 tollere
1280 1839 1557 1905 verticem,

567 1911 866 1977 Maecenas,
903 1913 1151 1981 equitum
1189 1914 1369 1967 decus.

500 1985 714 2049 Quanto
750 1988 983 2056 quisque
1020 1988 1124 2041 sibi
1159 1989 1317 2056 plura
1349 1991 1645 2059 negaverit,

501 2061 590 2114 Ab
625 2062 711 2114 dis
743 2063 902 2131 plura.
935 2064 1107 2117 feret:
1145 2065 1222 2117 nil
1258 2066 1594 2133 cupientium

499 2137 693 2190 Nudus
728 2143 907 2191 castra
940 2142 1070 2206 peto
1105 2143 1166 2192 et
1199 2140 1483 2208 transfuga.
1518 2141 1749 2194 divitum

567 2212 760 2266 Partes
793 2214 1042 2280 linquere
1077 2214 1269 2281 gesti0‚

499 2286 857 2356 Contemptae
891 2289 1142 2342 dominus
1177 2289 1510 2356 splendidior
1542 2296 1643 2357 re‘i3

498 2361 671 2425 Quam
707 2363 754 2414 si
789 2364 1059 2432 quidquid
1094 2370 1217 2417 arat
1249 2366 1481 2432 impiger
1517 2365 1730 2432 Apulus

498 2435 787 2491 Occultare
822 2439 958 2491 meis
993 2438 1206 2492 dicerer
1241 2439 1465 2506 hol-reia

563 2512 791 2579 Magnas
825 2513 973 2566 inter
1008 2530 1138 2581 opes
1174 2515 1345 2581 inops.

496 2585 675 2640 Purae
712 2590 860 2640 rivus
895 2605 1071 2656 aquae
1109 2589 1353 2657 silvaque
1380 2589 1641 2657 jugerum

499 2660 803 2715 Paucorum
841 2668 898 2717 et
932 2665 1137 2731 segetis
1172 2670 1326 2718 certa
1359 2665 1498 2717 fides
1532 2681 1687 2718 meae

494 2735 817 2804 Fulgentem
852 2738 1082 2806 imperio
1117 2740 1312 2792 fertilis
1349 2740 1571 2792 Africae

561 2811 728 2865 Fallit
763 2817 912 2866 sorte
947 2813 1176 2867 beatior.

491 2885 831 2955 Quamquam
866 2904 965 2941 nec
1001 2888 1267 2942 Calabrae
1300 2890 1464 2944 mella
1497 2890 1682 2943 ferunt
1715 2906 1844 2958 apes

490 2960 611 3014 Nec
646 2962 1032 3030 Laestrygonia.
1068 2964 1314 3016 Bacchus
1347 2965 1405 3016 in
1439 2964 1699 3032 amphora

491 3034 821 3102 Languescit
854 3037 989 3089 mihi
1022 3054 1124 3091 nec
1157 3039 1379 3105 pinguia.
1414 3039 1636 3093 Gallicis

562 3109 831 3165 Crescunt
863 3111 1066 3165 vellera
1100 3114 1327 3179 pascuis»,

1873 1175 1917 1214 lo

1877 1553 1921 1592 15

1874 2307 1919 2344 5¹5

1869 2680 1912 2719 3⁰

1865 3055 1914 3096 3³
