2217 3559
266 86 326 127 423

823 84 1137 132 HORATII
1168 84 1431 133 ELAOCI

552 162 765 231 injecta.
798 163 1059 217 monstris
1096 164 1267 217 Terra
1303 164 1455 218 dolet
1491 165 1602 219 suis

546 239 875 306 Macrctquc
909 242 1101 307 partus
1137 239 1364 292 fulmine
1400 240 1639 294 luridum

616 314 817 368 Missos
852 314 922 366 ad
962 314 1199 380 Orcum3
1235 331 1335 368 nec
1369 316 1588 383 peredit

689 390 1010 456 Impositam
1046 390 1194 442 celer
1227 389 1370 457 ignis
1408 391 1646 457 Aetnen,

551 463 948 519 Incontincntis
985 481 1088 517 nec
1126 465 1271 534 Tityi
1298 464 1464 533 jecur

551 539 799 606 Reliquit
834 539 960 606 aleS,
997 541 1277 608 nequitiae
1314 541 1537 595 additus

620 614 850 678 Custos;
883 620 1183 668 amatorem
1218 620 1497 669 trecentae

688 689 997 743 Pirithoum
1033 690 1292 745 cohibent
1328 695 1564 746 catenae.

1089 831 1160 886 V.

550 913 740 968 CAELO
778 915 1077 968 Tonantem
1115 914 1453 968 credidimus
1489 915 1527 966 J
1531 931 1686 968 ovem

552 990 837 1057 Regnare:
873 1007 1137 1059 praesens
1174 991 1333 1043 divus
1367 990 1663 1044 habebitur

619 1069 905 1134 Augustus
941 1065 1177 1134 adjectis
1216 1066 1496 1120 Britannis

689 1142 928 1210 Imperio
962 1141 1329 1209 gravibusque
1368 1141 1566 1195 l'crsiS.

550 1216 784 1271 Milesne
824 1217 1005 1270 Crassi
1041 1216 1273 1284 conjuge
1308 1216 1543 1269 barbara

550 1293 747 1358 Turpis
783 1293 1012 1345 maritus
1048 1292 1186 1345 vixit
1221 1295 1280 1345 et
1315 1292 1568 1359 hostium,

620 1368 728 1421 Pro
763 1368 911 1420 curia
946 1368 1261 1435 inversique
1298 1372 1509 1421 mores!

689 1443 988 1496 Consenuit
1025 1460 1333 1496 socerorum
1367 1444 1422 1495 in
1461 1444 1625 1496 armis

550 1518 664 1572 Sub
701 1535 830 1585 rege
868 1518 1036 1571 Medo
1075 1519 1293 1571 Marsus
1329 1523 1390 1572 et
1429 1520 1658 1588 Apulus,

551 1594 890 1649 Anciliorum
927 1598 986 1647 et
1020 1594 1256 1646 nominis
1293 1598 1353 1647 et
1388 1598 1548 1661 togae

619 1670 839 1723 Oblitus
874 1673 1242 1738 aeternaeque
1281 1669 1504 1735 Vestae,

690 1745 954 1798 Incolumi
990 1745 1131 1797 Jove
1168 1748 1228 1798 et
1263 1744 1400 1798 urbe
1442 1745 1654 1799 Romal

552 1821 673 1874 Hoc
709 1826 927 1873 caverat
960 1836 1116 1873 mens
1151 1821 1383 1890 provida
1420 1820 1616 1888 Reguli

550 1896 945 1950 Dissenticntis
981 1895 1385 1948 conditionibus

619 1970 820 2023 Foedis
856 1975 915 2024 ct
951 1971 1202 2038 exemplo
1239 1973 1507 2025 trahentis

689 2046 993 2100 Perniciem
1031 2048 1255 2100 veniens
1291 2049 1348 2099 in
1383 2064 1592 2115 aevum,

547 2122 607 2176 Si
641 2138 750 2174 non
785 2123 994 2190 periret
1028 2123 1432 2176 immiserabilis

548 2197 778 2265 Captiva
812 2198 1001 2266 pubes
1073 2198 1281 2266 “Signa
1299 2212 1418 2266 ‘ego
1457 2197 1676 2251 Punicis

620 2273 822 2327 Adfixa
858 2273 1102 2326 delubris
1140 2279 1199 2327 et
1233 2290 1385 2327 arma

683 2348 954 2401 Militibus
992 2349 1108 2402 sine
1145 2350 1356 2417 caede,'’
1395 2349 1553 2415 dixit,

546 2424 833 2492 “Dcrcpta
869 2423 1015 2489 vid33
1052 2425 1164 2477 vidi
1202 2441 1305 2492 ego
1341 2426 1540 2477 civium

547 2500 781 2554 Retorta
816 2504 973 2566 tergo
1010 2500 1232 2552 brachia
1267 2500 1439 2553 libero

613 2576 918 2644 Portasque
953 2592 1059 2628 non
1096 2576 1304 2628 clausas
1340 2581 1397 2629 ct
1432 2591 1562 2628 arva.

680 2651 862 2704 Marte
897 2651 999 2704 coli
1034 2651 1293 2720 populata
1328 2655 1529 2703 nostro,

541 2728 697 2781 Auro
734 2743 995 2794 repensus
1032 2728 1239 2780 scilicet
1273 2727 1451 2779 acrior

540 2802 704 2857 Miles
741 2801 960 2854 redibit.
1031 2802 1264 2869 Flagitio
1298 2801 1505 2854 additis

607 2879 913 2932 Damnum:
950 2895 1128 2946 neque
1164 2878 1389 2931 amissos
1423 2876 1629 2929 colores

676 2954 827 3007 Lana
862 2955 1033 3007 refert
1068 2954 1339 3006 medicata
1373 2954 1510 3016 fuce,

538 3028 591 3082 N
595 3046 656 3082 ec
692 3046 821 3081 vcra
854 3029 1028 3081 virtus
1064 3045 1186 3080 cum
1223 3028 1388 3081 semel
1425 3026 1631 3081 excidit

540 3103 711 3157 Curat
746 3103 933 3170 reponi
970 3102 1351 3155 deterioribus.

1944 1608 1985 1646 m

1941 1986 1982 2024 15
