2217 3559
36 246 115 268 *x

799 132 1231 182 SATIRARUM
1267 133 1311 181 Ι.
1348 136 1395 184 2.
1862 137 1951 184 109

211 209 397 264 Huic
435 214 482 263 si
517 212 753 264 mutonis
787 211 971 264 verbis
1004 212 1148 264 mala
1181 215 1339 265 tanta
1372 211 1609 264 videntis

212 285 476 339 Diceret
499 286 632 340 haec
655 288 893 342 animus:
921 286 1114 351 “Quid
1138 288 1220 340 vis
1243 287 1384 341 tibi?
1417 287 1684 356 numquid
1709 303 1810 354 ego
1834 303 1866 339 a
1891 290 1951 340 te

213 361 454 428 LIagno
488 366 814 429 prognatum
850 362 1083 430 deposco
1119 362 1336 415 consule
1370 379 1608 415 cunnum
1905 378 1952 416 ’το

214 434 618 505 velatumque
655 438 794 490 stola
827 453 950 490 mea
984 455 1107 490 eum
1144 438 1447 492 conferbuit
1481 438 1565 490 ira
1582 438 1632 492 ‘P'

219 511 396 575 Quid
433 512 827 580 responderet?
900 513 1150 580 “Magno
1184 517 1342 580 patre
1377 517 1508 566 nata
1538 513 1721 581 puella
1755 511 1880 566 est.''

222 589 326 640 At
364 592 574 655 quanto
608 588 833 640 meliora
865 592 1050 641 monet
1084 590 1491 658 pugnantiaque
1524 589 1647 643 istis

225 660 419 716 Dives
455 664 572 731 opis
606 667 803 717 natura
839 680 982 731 suae,
1018 668 1081 718 tu
1118 665 1165 716 si
1200 664 1363 717 modo
1398 668 1548 718 recte

224 737 582 806 Dispensare
617 739 751 792 velis
788 755 851 793 ac
885 756 992 792 non
1029 739 1290 807 fugienda
1324 740 1581 807 petendis
1907 757 1951 796 75

228 814 582 873 Immiscere.
652 814 767 867 Tuo
803 815 934 868 vitio
969 832 1226 869 rerumne
1262 815 1475 868 labores

229 889 342 941 Nil
377 890 585 943 referre
621 892 816 959 putas?
890 891 1070 955 Quare
1105 908 1176 945 ne
1211 891 1490 958 poeniteat
1524 895 1582 944 te

231 964 452 1019 Desine
487 970 762 1020 matronas
799 966 1071 1034 sectarier‚
1106 967 1256 1020 unde
1291 966 1493 1020 laboris

233 1039 382 1093 Plus
418 1041 639 1094 haurire
671 1041 799 1094 mali
836 1045 922 1095 est
956 1058 1122 1110 quam
1159 1059 1228 1094 ex
1263 1059 1323 1094 re
1361 1042 1656 1110 decerpere
1690 1042 1914 1095 fructus.

235 1116 295 1170 N
301 1133 366 1169 ec
403 1118 574 1184 magis
608 1116 736 1170 huic
769 1117 916 1170 inter
948 1117 1135 1170 niveos
1171 1117 1482 1185 viridesque
1517 1117 1727 1185 lapillos
1901 1134 1947 1171 so

236 1192 356 1259 (Sit
373 1192 504 1245 licet
521 1192 638 1259 hoe,
661 1192 937 1259 Cerinthe,
957 1193 1132 1256 tuum)
1150 1195 1399 1244 tenerum
1419 1196 1503 1246 est
1520 1193 1697 1245 femur
1714 1196 1812 1246 aut
1825 1209 1949 1246 crus

237 1267 490 1335 RectiuS,
525 1271 691 1335 atque
728 1268 894 1321 etiam
931 1266 1123 1320 melius
1157 1283 1420 1335 persaepe
1456 1272 1675 1334 togatae
1711 1272 1810 1321 est.

238 1343 417 1395 Adde
452 1343 559 1396 huc
595 1342 742 1412 quod
777 1358 1012 1395 mercem
1050 1343 1166 1395 sine
1201 1342 1338 1395 fucis
1373 1347 1570 1410 gestat,
1607 1348 1796 1412 aperte

238 1417 410 1483 Quod
445 1418 636 1471 venale
673 1418 841 1471 habet
877 1417 1135 1482 ostendit,
1171 1433 1271 1469 nec
1306 1417 1352 1469 si
1389 1418 1523 1485 quid
1556 1418 1785 1473 honesti·
1805 1423 1891 1473 est

236 1495 280 1546 J
284 1497 437 1548 aetat
471 1493 746 1560 habetque
781 1492 974 1560 palam,
1014 1493 1229 1559 quaerit
1263 1509 1371 1562 quo
1405 1494 1589 1561 turpia
1625 1495 1778 1547 celet.
1900 1510 1946 1548 86

239 1569 493 1637 Regibus
528 1569 617 1622 hic
651 1586 767 1622 mos
803 1572 913 1626 est:
948 1568 1044 1621 ubi
1080 1583 1251 1636 equos
1286 1573 1598 1621 mercantur
1632 1575 1850 1636 opertos

240 1644 568 1714 Inspiciunt,
606 1661 677 1697 ne
712 1645 757 1696 si
793 1644 959 1696 facies
994 1647 1059 1697 ut
1095 1660 1257 1712 saepe
1294 1643 1491 1697 decora

239 1721 403 1773 Molli
437 1721 576 1773 fulta
611 1719 753 1788 pede
790 1723 877 1773 est
912 1722 1213 1788 emptorem
1251 1719 1476 1773 inducat
1510 1720 1766 1784 hiantem,

241 1796 409 1859 Quod
444 1796 699 1863 pulchrae
732 1795 932 1861 clunes,
956 1793 1127 1848 breve
1163 1796 1310 1862 quod
1347 1798 1524 1862 caput,
1548 1795 1721 1848 ardua
1748 1796 1944 1849 cerviX.

244 1872 372 1925 Hoc
407 1872 485 1924 illi
520 1874 703 1924 recte:
738 1887 808 1924 ne
841 1870 1081 1939 corporis
1117 1870 1323 1937 optima
1360 1870 1557 1937 Lyncei
1898 1886 1944 1924 9⁰

243 1947 632 2016 Contemplere
667 1946 849 2013 oculis,
887 1946 1142 2014 Hypsaea
1175 1946 1384 1998 caecior
1418 1946 1512 1999 illa

242 2023 400 2087 Quae
433 2024 578 2076 mala
612 2027 740 2075 sunt
774 2026 999 2090 spectes,
1072 2021 1120 2072 Ο
1156 2025 1307 2074 crus!
1347 2038 1378 2074 o
1416 2020 1661 2076 brachia!
1736 2021 1945 2075 Verum

244 2099 510 2168 Depugis‚
545 2102 755 2165 nasuta,
790 2097 944 2150 brevi
978 2097 1154 2150 latere
1191 2113 1254 2150 ac
1289 2098 1431 2165 pede
1466 2097 1626 2165 longo
1662 2102 1759 2152 est.

242 2174 530 2228 Matronae
564 2178 784 2241 praeter
817 2172 1009 2226 faciem
1045 2171 1123 2224 nil
1157 2188 1379 2225 cernere
1413 2172 1602 2240 possiS,
1718 2169 1721 2172 ’

244 2250 461 2317 Cetera,
495 2251 550 2302 ni
589 2249 746 2302 Catia
781 2254 880 2312 est,
917 2248 1152 2301 demissa
1188 2251 1340 2300 veste
1377 2249 1628 2315 tegentis.
1901 2266 1949 2303 95

244 2325 304 2380 Si
339 2326 632 2379 interdicta
667 2327 836 2393 petes,
872 2324 1012 2377 vallo
1047 2324 1381 2377 circumdata
1419 2341 1561 2390 gnam
1598 2331 1657 2378 te

247 2401 371 2455 Hoc
404 2401 534 2455 facit
569 2402 849 2466 insanum),
886 2399 1089 2453 multae
1125 2399 1229 2452 tibi
1264 2404 1382 2453 tum
1419 2400 1653 2454 officient
1688 2417 1794 2464 res,

247 2477 530 2544 Custodes,
564 2477 772 2544 lectica,
807 2475 1096 2542 cinifloneS,
1134 2476 1417 2543 parasitae‚

250 2553 342 2605 Ad
375 2552 516 2606 talos
552 2551 690 2606 stola
725 2552 960 2604 demissa
994 2555 1051 2604 et
1086 2551 1421 2605 circumdata
1455 2552 1614 2621 palla,

250 2628 489 2681 Plurima
522 2644 664 2696 quae
696 2627 980 2680 invideant
1017 2643 1154 2694 pure
1190 2643 1454 2696 apparere
1491 2629 1594 2682 tibi
1630 2646 1763 2683 rem.
1883 2644 1946 2682 loo

250 2704 445 2757 Altera
477 2703 554 2756 nil
591 2703 806 2757 obstat:
846 2702 970 2755 Cois
1006 2701 1109 2754 tibi
1145 2719 1317 2770 paene
1352 2704 1538 2757 videre
1575 2711 1661 2758 est

247 2779 328 2832 Ut
360 2778 580 2849 nudam,
613 2797 684 2833 ne
719 2795 878 2832 crure
913 2778 1067 2845 malo,
1105 2794 1175 2830 ne
1211 2778 1282 2843 sit
1317 2778 1461 2846 pede
1496 2781 1675 2849 turpi3

248 2853 435 2908 Metiri
469 2855 644 2923 possis
679 2855 832 2907 oculo
866 2853 1024 2907 latus,
1097 2855 1190 2910 An
1223 2852 1326 2907 tibi
1361 2855 1533 2908 mavis

249 2929 484 2983 Insidias
518 2930 638 2983 fieri
673 2930 1019 2998 pretiumque
1057 2929 1278 2982 avellier
1312 2934 1441 2983 ante

249 3004 420 3069 Quam
454 3022 692 3059 mercem
726 3005 974 3057 ostendi-2
1024 3005 1332 3072 “Leporem
1367 3010 1594 3065 venator
1624 3011 1689 3062 ut
1720 3009 1826 3062 alta
1879 3025 1945 3064 1225

248 3080 315 3135 In
348 3081 473 3135 nive
509 3085 764 3146 sectetur,
799 3080 1035 3145 positum
1072 3080 1148 3131 sie
1183 3084 1412 3146 tangere
1447 3083 1627 3151 nolit‚''

249 3157 446 3211 Cantat
481 3162 539 3211 et
573 3157 822 3226 apponit:
860 3154 1058 3207 “Meus
1094 3162 1180 3209 est
1215 3172 1367 3209 amor
1402 3158 1528 3212 huic
1562 3159 1783 3225 similis;
1818 3176 1944 3215 nam
