2217 3559
14 1665 87 1820 Ὺ]

817 108 1227 158 CARMINUM
1263 110 1307 158 1.
1347 112 1425 169 25,
1464 112 1540 158 26.

602 189 681 243 Tu
717 193 922 244 frustra
955 190 1081 258 pius
1116 189 1224 243 heu
1260 207 1367 243 non
1400 190 1482 244 ita
1516 188 1789 244 creditum

673 266 855 318 Poscis
893 265 1246 328 Quinctilium
1284 265 1432 319 deos·

602 341 807 404 Quodsi
845 341 1094 395 Threicio
1132 340 1384 395 blandius
1422 341 1639 408 Orpheo

603 418 868 471 Auditam
904 418 1194 471 moderere
1231 417 1517 471 arboribus
1552 416 1735 483 fidem,

606 494 728 547 Non
765 510 937 547 vanae
974 494 1170 547 redeat
1205 494 1423 562 sanguis
1459 492 1698 561 imagini,

671 570 846 634 Quam
881 571 1035 638 virga
1070 571 1240 624 semel
1275 569 1502 622 horrida

604 645 654 697 N
659 662 726 698 on
761 646 901 699 lenis
934 646 1187 714 precibus
1223 646 1338 699 fata
1372 644 1659 698 recludere

604 722 773 789 Nigro
808 723 1134 790 compulerit
1170 721 1475 775 Mercurius
1510 720 1680 787 gregi.

604 798 842 851 Durum:
880 798 978 851 sed
1011 798 1185 851 levius
1221 798 1285 851 fit
1319 796 1585 865 patientia

673 873 954 942 Quidquid
989 874 1261 942 corrigere
1297 878 1383 927 est
1416 874 1583 927 nefas

605 1098 849 1152 Pancms
874 1096 1095 1164 junctas
1131 1097 1387 1165 quatiunt
1419 1097 1692 1151 fenestras

607 1173 816 1227 Ictibus
852 1172 1058 1225 crebris
1087 1171 1322 1239 juvenes
1357 1173 1615 1240 protervi,

605 1250 653 1301 N
660 1265 721 1302 ec
756 1249 860 1302 tibi
897 1265 1114 1301 somnos
1148 1249 1413 1317 adimunt,
1448 1252 1705 1318 amatque

738 1325 776 1377 J
778 1340 919 1377 anua
952 1324 1134 1391 limen,

605 1401 755 1463 Quae
790 1400 943 1469 prius
978 1400 1210 1453 multum
1249 1400 1418 1453 facilis
1453 1400 1707 1454 movebat

605 1476 903 1541 Cardines;
940 1476 1096 1529 audis
1131 1477 1310 1529 minus
1346 1480 1405 1530 et
1439 1476 1618 1529 minus
1643 1475 1792 1544 jamz

603 1552 633 1579 “
648 1553 741 1605 Me
777 1555 872 1604 tuo
906 1551 1094 1619 longas
1130 1556 1397 1620 pereunte
1431 1555 1636 1618 nocteS,

740 1627 927 1696 Lydia,
964 1628 1170 1680 dormis
1190 1628 1246 1682 2²²

604 1702 845 1755 Invicem
880 1704 1134 1756 moechos
1169 1720 1304 1755 anus
1340 1706 1656 1771 arrogantes

603 1778 787 1831 Flebis
820 1778 878 1830 in
916 1779 1028 1831 solo
1063 1779 1198 1832 levis
1233 1779 1538 1847 angiportu,

603 1853 827 1907 Thracio
861 1853 1162 1907 bacchante
1199 1855 1370 1922 magis
1404 1854 1505 1907 sub
1542 1855 1703 1908 inter-

735 1929 886 1982 lunia
919 1934 1096 1996 vent0‚

604 2004 739 2056 Cum
774 2004 876 2058 tibi
913 2005 1144 2072 flagrans
1180 2022 1333 2058 amor
1365 2008 1424 2058 et
1457 2005 1627 2058 libido

605 2079 754 2143 Quae
789 2081 929 2133 solet
962 2084 1168 2133 matres
1203 2081 1406 2134 furiare
1441 2097 1702 2149 equorum

605 2155 822 2210 Saeviet
858 2157 1000 2209 circa
1027 2155 1189 2223 jecur
1222 2157 1546 2224 ulcerosum,

738 2232 790 2284 N
792 2248 863 2284 on
899 2232 1015 2285 sine
1051 2236 1248 2300 questu

603 2306 774 2361 Laeta
808 2308 957 2376 quod
990 2307 1165 2376 pubes
1199 2308 1405 2361 hedera
1438 2308 1651 2362 virente

603 2383 854 2437 Gaudeat
885 2384 1034 2451 pulla
1068 2385 1241 2451 magis
1276 2386 1443 2452 atque
1477 2388 1670 2454 myrto²

603 2460 804 2513 Aridas
837 2460 1059 2513 frondes
1095 2461 1290 2514 hiemis
1325 2460 1497 2514 sodali

736 2536 971 2590 Dedicet
1006 2535 1215 2590 Hebro,

1071 2679 1285 2735 XXVI.

601 2762 774 2817 Mus1s
807 2764 1011 2817 amicus
1046 2764 1330 2818 tristitiam
1366 2768 1424 2817 et
1459 2768 1639 2818 metus

599 2838 833 2892 Tradam
868 2841 1138 2909 protervis
1173 2840 1229 2891 in
1266 2857 1416 2893 mare
1456 2840 1730 2893 Creticum

667 2916 895 2970 Portare
931 2917 1125 2983 ventis»,
1162 2916 1284 2984 quis
1319 2916 1420 2968 sub
1458 2917 1630 2969 Arcto

734 2992 855 3044 Rex
889 2993 1104 3059 gelidae
1143 2995 1421 3044 metuatur
1455 3007 1597 3059 orae,

596 3064 742 3128 Quid
777 3067 1058 3120 Tiridaten
1093 3070 1305 3120 terreat
1337 3067 1496 3120 unice

595 3141 842 3195 Securus.
913 3144 976 3210 O,
1013 3160 1153 3212 quae
1189 3142 1430 3196 fontibus
1466 3144 1693 3211 integris

1993 507 2030 545 15
