2217 3559
797 94 1207 143 cARMINUM
1239 96 1284 143 1.
1322 98 1399 154 21,
1440 98 1517 145 22.
1951 76 2011 120 15

512 174 808 230 Conditum
844 175 969 241 levi,
1008 175 1172 228 datus
1207 175 1264 227 in
1300 176 1518 228 theatro

582 251 719 303 Cum
755 250 859 304 tibi
893 252 1129 317 plausuS,

510 326 652 379 Care
689 327 978 379 Maecenas
1013 343 1200 393 eques,
1235 328 1299 378 ut
1333 324 1549 393 paterni

514 402 781 455 Fluminis
814 403 966 470 ripae
1003 403 1163 455 simul
1200 404 1259 454 et
1286 401 1474 468 jocosa

516 475 800 529 Redderet
835 476 1023 529 laudes
1059 476 1161 529 tibi
1198 476 1450 529 Vaticani

582 551 790 604 Montis
823 551 1018 618 imago,

515 624 826 679 Caecubum
861 631 919 680 et
953 626 1107 695 prelo
1145 625 1408 680 domitam
1446 625 1648 680 Caleno

514 702 598 753 Tu
631 702 790 756 bibes
823 719 1012 755 uvam:
1047 718 1171 755 mea
1207 718 1307 754 nec
1343 701 1610 755 Falernae
1970 714 1987 745 ⁰

513 775 844 843 Temperans,
878 777 1018 829 vites
1053 794 1232 844 neque
1273 777 1547 830 Formiani

585 850 787 904 Pocula
821 852 998 904 colles,

516 1074 757 1129 Durum
791 1078 1015 1129 tenerae
1052 1075 1220 1128 dicite
1254 1076 1504 1144 virgines,

518 1152 819 1217 Intonsum‚
856 1151 1028 1218 pueri,
1066 1150 1234 1204 dicite
1272 1152 1560 1219 Cynthium

587 1226 959 1294 Latonamque
994 1242 1249 1293 supremo

656 1303 927 1355 Dilectam
962 1301 1184 1369 penitus
1220 1300 1258 1353 J
1262 1301 1363 1354 ovi.

520 1376 633 1428 Vos
667 1376 867 1429 laetam
903 1375 1081 1428 fluviis
1118 1380 1177 1428 et
1210 1392 1494 1429 nemorum
1530 1394 1696 1442 coma,

520 1450 886 1518 Quaecunque
922 1453 1018 1502 aut
1051 1450 1235 1517 gelido
1269 1452 1544 1519 prominet
1581 1450 1781 1518 Algido

587 1526 775 1592 Nigris
809 1529 906 1578 aut
942 1526 1259 1593 Erymanthi

657 1602 817 1655 Silvis
852 1606 947 1655 aut
980 1602 1171 1654 viridis
1210 1602 1399 1669 Gragi:

523 1677 636 1730 Vos
672 1678 872 1744 Tempe
907 1677 1142 1730 totidem
1177 1677 1354 1733 tollite
1389 1677 1643 1730 laudibus

525 1753 571 1807 N
580 1754 904 1821 atalemque‚
941 1769 1135 1818 mareS‚
1174 1753 1349 1805 Delon
1387 1753 1668 1820 ApolliniS,
1967 1769 2013 1806 ω

592 1830 981 1896 Insignemque
1016 1829 1277 1896 pharetra

660 1904 704 1956 F
708 1909 1036 1973 raternaque
1070 1905 1358 1957 humerum
1393 1905 1521 1973 lyra.

523 1980 632 2033 Hic
667 1980 876 2033 bellum
910 1980 1268 2048 lacrimosum,
1304 1981 1391 2033 hic
1425 1981 1677 2034 miseram
1714 1982 1911 2033 famem

523 2056 853 2124 Pestemque
886 2073 920 2109 a
953 2056 1151 2124 populo
1188 2060 1246 2109 et
1278 2057 1524 2124 principe
1562 2057 1793 2110 Caesare
1828 2054 1884 2107 in
1989 2106 1995 2112 .

590 2132 786 2184 Persas
819 2135 986 2199 atque
1024 2131 1317 2185 Britannos
1970 2145 2014 2184 ιε

659 2208 862 2260 Vestra
896 2211 1075 2260 motus
1111 2211 1238 2275 aget
1271 2225 1444 2276 prece.

1071 2352 1263 2405 XXII.

524 2437 777 2491 Inrscmz
811 2436 958 2489 vitae
993 2436 1323 2504 scelerisque
1357 2452 1526 2503 purus

519 2514 644 2566 Non
679 2516 810 2582 eget
846 2511 1056 2564 Mauris
1083 2511 1282 2578 jaculis
1317 2529 1497 2580 neque
1532 2528 1657 2567 arcu

521 2589 637 2642 Nec
670 2588 954 2641 venenatis
988 2587 1216 2654 gravida
1251 2589 1480 2655 sagittiS‚

587 2664 775 2730 Fusce,
812 2663 1086 2731 pharetra,

517 2738 644 2791 Sive
679 2756 779 2806 per
815 2739 1003 2805 Syrtes
1039 2738 1148 2791 iter
1181 2741 1461 2792 aestuosas

516 2813 642 2867 Sive
677 2814 919 2867 facturus
953 2830 1055 2881 per
1090 2814 1470 2883 inhospitalem

515 2888 814 2942 Caucasum
850 2889 935 2941 vel
971 2905 1112 2956 quae
1150 2890 1265 2943 loca
1300 2890 1577 2945 fabulosus

588 2964 807 3018 Lambit
846 2964 1153 3031 Hydaspes,

511 3037 766 3109 Namque
803 3055 890 3092 me
927 3039 1062 3092 silva.
1096 3040 1258 3108 lupus
1292 3041 1350 3093 in
1386 3041 1601 3107 Sabina,

513 3114 659 3168 Dum
697 3132 874 3167 meam
912 3119 1071 3167 canto
1117 3116 1351 3183 Lalagen
1388 3121 1445 3170 et
1481 3119 1627 3170 ultra
1973 3127 2014 3166 10
