2217 3559
216 113 277 159 72

780 127 1091 178 HORATII
1128 126 1387 178 FLACCI

507 210 776 263 Ornatum
810 210 955 263 foliis
992 210 1204 275 ducem,

578 284 738 349 Quod
768 302 963 352 regum
1002 286 1242 338 tumidas
1280 283 1598 339 contuderit
1631 283 1825 352 minu,

515 361 789 415 Ostendet
818 361 1115 428 Capitolio:

577 437 689 490 Sed
713 453 852 505 quae
878 436 1047 489 Tibur
1069 454 1245 504 aquae
1268 435 1453 489 fertile
1477 435 1792 505 praefluunt
1908 449 1959 488 ιο

512 513 590 568 Et
626 512 829 579 spissae
865 528 1150 564 nemorum
1186 528 1371 564 comae

581 589 820 656 Fingent
857 588 1054 640 Aeolio
1087 587 1327 640 carmine
1361 586 1614 641 nobilem.

512 663 720 718 Romae
755 663 1017 732 principis
1053 661 1273 715 urbium

529 734 537 743 '
581 740 852 807 Dignatur
888 738 1105 791 suboles
1141 738 1290 791 inter
1324 736 1586 791 amabiles

511 814 717 870 Vatum
752 831 956 882 ponere
991 830 1080 866 me
1117 814 1323 879 choros
1905 826 1955 868 15

583 891 655 944 Et
681 890 799 958 jam
838 890 1007 943 dente
1042 889 1222 942 minus
1258 889 1517 942 mordeor
1549 888 1749 943 invido.

516 967 578 1033 O,
615 965 911 1020 testudinis
946 981 1144 1019 aureae

582 1043 808 1095 Dulccm
846 1057 987 1109 quae
1024 1040 1332 1108 strepitum,
1373 1038 1537 1107 Pieri,
1574 1043 1867 1107 temperas,

515 1117 562 1171 Ο
599 1118 768 1170 mutis
803 1133 1021 1184 quoquc
1053 1115 1293 1184 piscibus

586 1193 867 1246 Donatura
900 1193 1065 1259 cycni,
1103 1192 1150 1244 si
1183 1191 1368 1258 libeat,
1404 1207 1610 1260 sonum,
1905 1207 1961 1246 'o

517 1268 712 1321 Totum
747 1269 986 1321 muneris
1021 1268 1124 1320 hec
1160 1268 1243 1320 tui
1280 1274 1392 1320 est:

588 1344 748 1407 Quod
782 1347 1056 1396 monstror
1094 1343 1268 1410 digito
1303 1342 1775 1411 praetereuntium

517 1418 793 1473 Romanae
828 1418 1027 1471 fidicen
1062 1418 1228 1486 lyrae,

587 1494 747 1557 Quod
782 1493 929 1562 spiro
963 1497 1022 1547 et
1056 1494 1260 1562 place0,
1296 1492 1342 1546 si
1377 1493 1583 1561 place0‚
1618 1495 1776 1545 tuum
1812 1500 1920 1547 cst.

1046 1637 1149 1692 IV.

520 1722 765 1786 QUALEM
801 1720 1111 1773 ministrum
1146 1718 1389 1772 fulminis
1425 1719 1627 1787 alitem,

521 1799 623 1853 Cui
659 1815 757 1851 rex
794 1797 1020 1849 deorum
1055 1811 1287 1863 regnum
1324 1796 1382 1847 in
1417 1812 1546 1849 aves
1582 1812 1750 1863 vagas

590 1873 853 1926 Permisit
889 1877 1150 1942 expertus
1186 1871 1406 1924 fidelem

563 1942 571 1948 “
657 1948 920 2015 Juppiter
954 1949 1011 2000 in
1049 1947 1370 2015 Ganymede
1407 1946 1562 2016 ssave,

524 2024 668 2077 Olim
695 2022 956 2090 juventas
993 2027 1052 2076 et
1086 2024 1302 2091 patrius
1337 2023 1492 2090 vigor
1936 2037 1962 2078 6

522 2098 671 2154 Nido
705 2098 951 2152 laborum
985 2099 1230 2166 propulit
1265 2099 1510 2165 inscium,

591 2176 874 2243 Vernique
900 2175 1020 2243 jam
1056 2175 1259 2228 nimbis
1293 2176 1515 2229 remotis

663 2251 918 2303 Insolitos
954 2250 1191 2303 docuere
1225 2251 1378 2303 nisus

526 2325 692 2380 Venti
729 2330 1032 2394 paventem,
1068 2343 1196 2378 mox
1230 2326 1287 2378 in
1323 2325 1485 2379 ovilia

526 2403 762 2457 Demisit
797 2403 1012 2456 hostem
1048 2402 1261 2456 vividus
1296 2403 1549 2471 impetu8‚
1914 2419 1957 2456 ιο

593 2479 755 2532 Nunc
789 2478 846 2531 in
883 2479 1217 2531 reluctantes
1254 2478 1517 2532 dracones

2159 1 2199 1763 έῴ--ψ--ι-*ιῌμ-ι

663 2555 793 2622 Egit
827 2571 978 2607 amor
1014 2554 1172 2622 dapis
1207 2557 1375 2623 atque
1408 2570 1650 2622 pugnae:

527 2630 823 2695 Qualemve
860 2629 1019 2683 laetis
1054 2646 1253 2696 caprea
1286 2630 1502 2698 pascuis

528 2706 755 2759 lutenta
787 2705 968 2758 fulvae
1006 2705 1199 2758 matris
1234 2705 1306 2758 ab
1341 2705 1513 2758 ubere

592 2782 720 2835 -Jam
759 2782 900 2834 lacte
937 2781 1226 2848 depulsum
1262 2780 1473 2833 leonem
1916 2795 1960 2835 15

662 2857 845 2910 Dente
879 2873 1017 2908 novo
1052 2857 1301 2923 peritura
1335 2856 1500 2910 vidit:

529 2930 734 2986 Videre
772 2932 963 2985 Raetis
1000 2931 1146 2984 bella
1183 2932 1284 2984 sub
1324 2931 1560 3000 Alpibus

527 3006 769 3060 Drusum
804 3008 1088 3073 gerentem
1126 3004 1398 3057 Vindelici
1415 3004 1698 3073 ;—quibus

596 3082 719 3135 Mos
753 3081 901 3133 unde
936 3080 1207 3132 deductus
1240 3096 1343 3147 per
1376 3096 1538 3133 omne

666 3156 902 3221 Tempus
939 3155 1237 3206 Amazonia
1270 3155 1449 3208 securi
1911 3174 1961 3213 m

2172 3278 2189 3401 DQ&
