2217 3559
812 155 1223 203 CARMINUM
1258 154 1363 202 ΙΙΙ.
1403 158 1447 202 3.

623 232 858 301 Perjura
891 250 1168 302 pugnaces
1206 234 1447 286 Achivos

689 308 983 362 Hectoreis
1021 309 1215 376 opibus
1250 308 1517 375 refringit,

552 382 882 452 Nostrisque
915 385 1141 437 ductum
1178 383 1537 437 seditionibus

553 459 765 512 Bellum
801 459 1021 512 resedit.
1095 458 1354 511 Protinus
1390 461 1449 511 et
1483 471 1677 525 graves

622 535 742 586 Iras
778 538 835 587 et
869 534 1101 586 invisum
1137 539 1393 601 nepotem

690 609 879 661 Troica
913 626 1075 677 quem
1111 609 1327 677 peperit
1363 605 1615 661 sacerdos

552 682 608 737 M
616 685 722 736 arti
756 684 1060 747 redonabo;
1095 683 1249 736 illum
1287 699 1388 750 ego
1424 682 1631 734 lucidas

556 759 704 813 Inire
741 760 915 825 sedeS,
952 761 1155 812 ducere
1191 758 1430 812 nectaris

621 833 831 899 SuccOS,
869 839 925 887 et
960 834 1197 887 adscribi
1233 833 1433 901 quietis

689 908 990 962 Ordinibus
1024 910 1204 976 patiar
1239 910 1481 962 deorum.

554 982 698 1036 Dum
735 984 926 1051 longus
961 985 1109 1037 inter
1145 984 1349 1037 saeviat
1387 983 1525 1035 Ilion

553 1057 891 1127 Romamque
926 1063 1130 1128 pontus
1167 1059 1412 1126 qualibet
1448 1058 1661 1111 exsules

621 1133 687 1186 ln
724 1142 882 1201 parte
919 1139 1184 1201 regnanto
1221 1133 1400 1197 beati3

688 1209 833 1261 Dum
872 1209 1074 1261 Priami
1116 1209 1438 1277 Paridisque
1472 1206 1633 1259 busto

553 1283 792 1337 Insultot
828 1288 1138 1337 armentum
1175 1287 1233 1336 et
1268 1283 1474 1336 catulos
1508 1283 1656 1336 ferae

552 1359 745 1412 Celent
780 1359 987 1412 inultae
1025 1362 1138 1411 stet
1176 1358 1501 1427 Capitolium

620 1433 872 1501 Fulgens,
907 1433 1370 1501 triumphatisque
1406 1433 1578 1501 possit

687 1509 863 1561 Roma
896 1508 1049 1561 ferox
1088 1509 1223 1561 dare
1250 1508 1382 1574 jura
1419 1508 1608 1561 Medis

553 1581 847 1636 Horrenda
881 1584 993 1636 late
1027 1599 1226 1636 nomen
1259 1584 1316 1635 in
1353 1582 1572 1635 ultimas

553 1658 826 1711 Extendat
866 1675 1003 1725 cras,
1041 1674 1151 1725 qua
1183 1657 1396 1710 medius
1432 1656 1610 1724 liquor

616 1733 863 1787 Secernit
900 1733 1155 1801 Europen
1192 1732 1261 1785 ab
1300 1732 1453 1798 Afro,
1630 1795 1638 1805 ι

687 1808 807 1872 Qua
841 1809 1085 1861 tumidus
1121 1808 1266 1875 rigat
1301 1823 1430 1860 arva
1466 1806 1639 1873 Nilus,

549 1883 762 1937 Aurum
797 1883 1125 1951 irrepertum
1162 1889 1220 1936 et
1256 1883 1331 1936 sic
1366 1882 1560 1935 melius
1596 1883 1760 1935 situm

552 1957 690 2011 Cum
725 1963 877 2010 terra
911 1959 1055 2011 celat
1090 1974 1351 2025 spernere
1386 1957 1579 2010 fortior

615 2032 790 2096 Quam
826 2049 1020 2100 cogere
1057 2033 1321 2085 humanos
1357 2033 1414 2084 in
1448 2049 1578 2084 usus

685 2106 862 2160 Omne
900 2124 1112 2160 sacrum
1147 2108 1393 2175 rapiente
1429 2109 1639 2161 dextra.

549 2181 865 2250 Quicunque
899 2183 1103 2235 mundo
1139 2183 1404 2236 terminus
1439 2183 1659 2236 obstitit·

552 2257 716 2310 Hunc
750 2260 942 2324 tangat
977 2259 1157 2324 armiS,
1193 2259 1368 2310 visere
1402 2258 1644 2325 gestiens

615 2332 736 2396 Qua
768 2337 929 2400 parte
965 2332 1373 2387 debacchentur
1406 2334 1600 2399 ignes,'

683 2407 804 2470 Qua
837 2407 1067 2460 nebulae
1100 2406 1379 2475 pluviique
1415 2423 1579 2459 rores

547 2481 657 2535 Sed
691 2482 961 2536 bellicosis
995 2483 1112 2535 fata
1148 2482 1448 2546 Quiritibus

547 2556 668 2610 Hac
704 2557 826 2625 lege
862 2558 997 2625 dico,
1031 2575 1100 2611 ne
1136 2559 1363 2610 nimium
1397 2558 1475 2627 pii

616 2632 913 2701 Rebusque
948 2633 1185 2686 fidentes
1220 2634 1397 2686 avitae

683 2708 850 2761 Tecta
884 2708 1054 2761 velint
1089 2725 1344 2776 reparare
1381 2708 1587 2762 Troiae.

546 2781 738 2835 Troiae
775 2799 1062 2836 renascens
1097 2784 1229 2836 alite
1265 2783 1482 2850 lugubri

546 2857 790 2913 Fortuna
823 2858 972 2911 tristi
1008 2859 1164 2911 clade
1199 2860 1505 2923 iterabitur,

614 2933 868 2987 Ducente
903 2934 1154 2987 victrices
1190 2941 1436 2987 catervas

684 3009 930 3076 Conjuge
966 3027 1053 3063 me
1089 3011 1124 3061 J
1130 3011 1244 3062 ovis
1281 3014 1337 3062 et
1374 3025 1567 3063 sorore.

545 3081 652 3136 'I'er
687 3085 733 3135 si
769 3089 1020 3151 resurgat
1056 3101 1243 3136 murus
1279 3090 1478 3137 aeneus

549 3162 796 3213 Auctore
839 3159 1054 3214 Phoebo
1089 3163 1179 3213 ter
1212 3165 1402 3232 pereat
1439 3158 1575 3235 meis

1916 150 1979 197 45

1925 1223 1972 1261 4⁰

1925 1596 1971 1634 45

1919 2346 1966 2385 ⁵5
