2217 3559
232 98 288 143 M

763 83 1075 132 HORATII
1109 81 1371 131 FLAGOI
1452 103 1456 107 ·

428 165 616 232 Qualis
655 163 956 232 Lycambae
992 167 1213 230 spretus
1246 162 1416 215 infido
1450 178 1618 229 gener

499 243 617 294 Aut
651 256 777 292 acer
810 238 983 291 hostis
1019 237 1245 305 Bupalo.

435 318 524 373 An
563 316 609 368 si
646 316 769 383 quis
807 318 928 367 atro
967 314 1136 366 dente
1176 330 1266 368 me
1301 313 1562 381 petiverit

502 391 720 443 Inultus
760 394 825 442 ut
861 389 1002 443 flebo
1043 391 1219 459 puer?

1017 532 1155 587 VII.

435 619 572 687 Quo,
612 635 720 688 quo
759 617 974 672 scelesti
1015 616 1215 671 ruitis?
1253 619 1351 670 aut
1387 632 1484 668 cur
1526 614 1777 668 dexteris

507 696 788 761 Aptantur
829 709 986 747 enses
1026 693 1306 746 conditi‘l·

437 769 707 822 Parumne
744 768 949 835 eampis
980 770 1147 835 atque
1187 767 1450 834 Neptuno
1492 782 1656 833 super

507 843 709 896 Fusum
745 846 830 895 est
868 842 1050 895 Latini
1092 841 1386 909 sanguinis,

438 917 493 972 N
497 934 567 970 on
604 923 669 972 ut
703 916 966 986 superbas
1002 917 1220 971 invidae
1265 917 1621 985 Karthaginis

508 993 782 1046 Romanus
817 1008 971 1046 arces
1008 997 1210 1060 ureret,

437 1067 686 1123 Intactus
721 1072 819 1122 aut
855 1068 1152 1122 Britannus
1188 1072 1253 1122 ut
1294 1068 1655 1122 descenderet

504 1144 669 1197 Sacra
708 1147 990 1197 catenatus
1027 1144 1130 1211 via,

435 1217 551 1274 Sed.
587 1222 652 1272 ut
690 1219 989 1271 seeundum
1026 1224 1154 1272 vota
1196 1219 1522 1272 Parthorum
1561 1235 1658 1272 sua

509 1293 657 1347 Urbs
697 1294 832 1346 haee
868 1294 1077 1361 periret
1114 1294 1384 1348 dextera?

436 1368 632 1437 Neque
668 1369 758 1421 hic
795 1369 937 1437 lupis
973 1387 1091 1422 mos
1132 1386 1233 1423 nee
1267 1371 1375 1423 fuit
1410 1370 1656 1423 lecnibus

509 1444 766 1512 Unquam
806 1445 912 1497 nisi
950 1445 1007 1497 in
1046 1444 1233 1512 dispar
1267 1445 1415 1498 feris».

441 1519 689 1573 Furorne
725 1535 930 1586 caecae,
968 1537 1038 1573 an
1075 1521 1222 1588 rapit
1258 1521 1340 1574 vis
1380 1520 1569 1584 acrior,

507 1595 599 1647 An
639 1595 832 1662 eulpa?
910 1596 1251 1663 Responsum
1294 1597 1438 1650 date.

438 1669 644 1724 Tacent
681 1675 739 1724 et
774 1669 931 1723 albus
970 1688 1066 1725 ora
1102 1672 1276 1739 pallor
1311 1672 1485 1726 inficit

513 1745 841 1813 Mentesque
877 1747 1160 1814 perculsae
1201 1751 1440 1815 stupent.

438 1820 529 1875 Sic
570 1824 687 1874 est:
728 1820 925 1873 acerba
961 1821 1074 1874 fata
1114 1822 1388 1875 Romanos
1424 1824 1594 1889 agunt

508 1894 803 1963 Scelusque
840 1896 1118 1949 fraternae
1154 1898 1316 1963 neciS,

442 1970 522 2025 Ut
557 1970 896 2024 immerentis
933 1971 1092 2024 fluxit
1130 1973 1188 2025 in
1225 1976 1432 2026 terram
1471 1969 1628 2026 Remi

509 2044 674 2098 Sacer
708 2046 997 2114 nepotibus
1029 2064 1203 2102 cruor.

1009 2187 1182 2242 VIII.

443 2269 678 2324 Roman
718 2267 883 2336 longo
916 2270 1167 2337 putidam
1203 2273 1263 2324 te
1300 2271 1493 2340 seeu10,

515 2345 671 2397 Vires
710 2344 844 2412 quid
882 2350 1108 2399 enervet
1145 2352 1327 2399 meas!
1359 2400 1366 2407 ,

441 2421 579 2475 Cum
620 2421 692 2473 sit
728 2420 829 2474 tibi
868 2420 1003 2474 dens
1040 2425 1161 2474 ater
1198 2426 1257 2475 et
1293 2423 1443 2491 rugis
1484 2425 1642 2476 vetus

512 2497 771 2548 Frontem
810 2500 1061 2550 senectus
1099 2503 1303 2563 exaret,

442 2571 688 2640 Hietque
728 2572 906 2641 turpis
942 2572 1088 2626 inter
1128 2574 1310 2627 aridas
1346 2578 1505 2627 nates

513 2647 701 2700 Podex
743 2648 895 2702 velut
932 2649 1136 2703 crudae
1173 2650 1342 2704 boviS.

442 2722 556 2777 Sed.
593 2723 787 2778 incitat
824 2740 913 2776 me
950 2728 1142 2793 peetus
1185 2729 1243 2779 et
1278 2741 1546 2779 mammae
1582 2726 1784 2793 putres,

514 2798 729 2867 Equina
770 2799 959 2868 quales
1000 2799 1185 2867 ubera,

447 2872 764 2947 venterque
802 2875 980 2929 mollis
1018 2879 1076 2930 et
1113 2876 1290 2930 femur
1326 2875 1662 2929 tumentibus

518 2950 673 3002 Exile
717 2950 855 3002 suris
895 2950 1162 3003 additum.

449 3024 585 3078 Esto
623 3023 800 3089 beata,
838 3024 1000 3075 funus
1040 3029 1207 3092 atque
1245 3024 1511 3092 imagines

518 3096 736 3153 Ducant
771 3097 1130 3168 triumphales
1166 3102 1336 3167 tuum,

1929 330 1987 370 15

1908 1307 1951 1346 10

1896 1684 1942 1723 15
