2217 3559
257 90 288 134 4
811 82 1113 133 HORATII
1150 84 1333 132 ELAO
1339 83 1410 132 01

602 163 723 232 Qui'
744 166 886 220 vidit
919 181 1072 219 mare
1107 164 1390 233 turgidum
1427 171 1487 221 et

534 242 773 298 Infames
810 241 1057 310 scopulos
1097 243 1537 297 Acroceraunia?
1916 258 1965 299 m

531 358 537 363 -
600 318 653 370 N
657 317 982 386 equiequam
1020 317 1158 370 deus
1195 317 1431 371 abscidit

533 393 782 447 Prudens
819 395 1038 446 Oceano
1076 392 1406 446 dissociabili

601 470 796 522 Terras
833 469 879 521 si
915 473 1103 522 tamen
1139 469 1339 540 impiae

529 546 581 599 N
585 563 654 599 on
690 545 967 613 tangenda
1002 548 1153 598 rates
1187 545 1501 599 transiliunt
1536 547 1689 600 vada.

601 621 803 675 Audax
840 621 1021 674 omnia
1055 621 1273 689 perpeti
1915 634 1962 672 ι

528 697 677 752 Gens
711 698 951 750 humana
985 698 1098 751 ruit
1136 713 1235 764 per
1270 697 1502 752 vetitum
1537 699 1697 759 nef-as,

599 773 801 826 Audax
840 773 1019 841 Iapeti
1054 788 1228 839 genus

530 847 720 915 Ignem
755 848 951 901 fraude
986 848 1131 900 mala
1163 846 1420 915 gentibus
1455 847 1657 903 intulit.

596 924 729 977 Post
763 924 945 991 ignem
981 923 1229 977 aetheria
1264 923 1426 976 domo

526 998 869 1053 subductum
905 999 1107 1051 macies
1144 1002 1204 1051 et
1237 1015 1377 1052 nova
1412 998 1645 1051 febrium
1908 1015 1958 1052 :so

594 1074 776 1127 Terris
812 1073 1061 1127 incubuit
1097 1074 1303 1140 cohors,

525 1149 845 1218 Semotique
880 1149 1032 1217 prius
1069 1149 1233 1202 tarda
1267 1148 1566 1202 necessitas

593 1225 717 1278 Leti
752 1225 1017 1293 corripuit
1051 1224 1304 1292 gradum.

521 1299 799 1367 Expertus
834 1316 1063 1353 vacuum
1102 1300 1383 1353 Daedalus
1419 1304 1549 1352 aera

595 1376 794 1429 Pennis
828 1393 934 1429 non
970 1376 1174 1428 homini
1212 1375 1391 1439 datis3
1906 1383 1955 1420 35²

524 1450 785 1520 Pei-rupit
823 1452 1140 1505 Acheronta
1177 1451 1482 1504 Herculeus
1518 1451 1688 1505 labor.

591 1527 685 1581 Nil
722 1528 1044 1582 mortalibus
1078 1527 1237 1581 ardui
1274 1531 1392 1591 est;

525 1602 751 1657 Caelum
789 1605 967 1671 ipsum
1002 1604 1242 1671 petimus
1279 1603 1528 1671 stultitia,
1565 1620 1744 1671 neque

589 1679 697 1732 Per
731 1683 977 1732 nostrum
1016 1679 1257 1747 patimur
1292 1679 1470 1731 scelus

520 1753 791 1808 Iracunda
825 1753 863 1805 J
869 1769 1024 1807 ovem
1059 1770 1266 1821 ponere
1300 1752 1538 1807 fulmina.
1903 1771 1949 1809 40

1045 1892 1149 1947 IV.

239 1976 517 2030 Somnum
553 1977 694 2030 acris
728 1976 907 2030 hiems
942 1980 1102 2043 grata
1139 1976 1256 2028 vice
1293 1976 1437 2030 veris
1474 1981 1533 2030 et
1570 1978 1786 2046 Favoni,

306 2051 664 2120 Trahuntque
701 2054 869 2105 siccas
904 2052 1189 2104 machinae
1224 2052 1449 2120 carinam,

240 2128 323 2180 Ac
357 2143 535 2195 neque
563 2128 682 2194 jam
720 2126 950 2180 stabulis
985 2127 1195 2194 gaudet
1230 2143 1397 2195 pecus
1434 2132 1530 2181 aut
1564 2133 1750 2181 arator
1786 2130 1928 2196 igni;

305 2202 356 2255 N
362 2219 423 2255 ec
459 2208 616 2270 prata
652 2202 801 2255 canis
835 2202 1076 2256 albicant
1111 2203 1333 2270 pruinis.

235 2277 366 2331 Jam
403 2277 674 2346 Cytherea
707 2278 901 2331 choros
936 2279 1088 2332 ducit
1127 2278 1314 2330 Venus
1351 2278 1668 2333 imminente
1704 2280 1874 2347 Luna,
1921 2296 1946 2335 ⁶

304 2353 342 2406 J
347 2357 653 2422 unctaeque
688 2354 957 2422 Nymphis
996 2354 1222 2408 Gratiae
1258 2353 1518 2406 decentes

236 2429 466 2483 Alterno
502 2433 710 2483 terram
748 2430 1002 2499 quatiunt
1037 2431 1199 2497 pede,
1237 2430 1369 2482 dum
1404 2447 1601 2497 graves
1636 2431 1926 2499 Cyclopum

303 2504 580 2559 Vulcanus
614 2506 814 2559 ardens
850 2505 964 2559 urit
998 2507 1250 2557 officinas.

233 2579 393 2636 Nune
429 2581 590 2635 decet
625 2585 723 2635 aut
755 2581 919 2635 viridi
953 2581 1191 2634 nitidum
1228 2583 1392 2649 caput
1426 2580 1694 2648 impedire
1729 2590 1907 2646 myrto

302 2655 420 2710 Aut
455 2655 589 2710 flore
624 2660 808 2710 terrae
843 2672 1008 2726 quem
1043 2657 1230 2710 ferunt
1266 2657 1490 2710 solutae.
1900 2676 1941 2715 ιο

227 2732 394 2787 Nunc
428 2735 487 2786 et
519 2732 578 2785 in
614 2730 884 2785 umbrosis
921 2732 1111 2786 Fauno
1148 2732 1308 2785 decet
1342 2732 1623 2785 immolare
1659 2732 1812 2790 lueis·

302 2808 411 2863 Seu
445 2812 634 2876 poscat
670 2824 863 2876 agnam
901 2808 1016 2861 sive
1052 2808 1208 2861 malit
1243 2807 1496 2861 haedum.

232 2885 444 2940 Pallida
479 2885 632 2938 Mors
667 2900 842 2953 aequo
877 2884 1060 2951 pulsat
1094 2885 1238 2952 pede
1272 2900 1578 2953 pauperum
1612 2884 1868 2938 tabernas
1925 2941 1934 2950 ,

302 2962 622 3029 Regumque
657 2965 853 3014 turres.
924 2959 973 3013 O
1009 2960 1174 3015 beate
1211 2962 1372 3028 Sesti,

239 3036 395 3089 Vitae
419 3052 630 3089 summa
653 3035 833 3089 brevis
852 3052 1006 3104 spem
1023 3052 1124 3096 nos
1139 3040 1292 3089 vetat
1308 3036 1567 3092 inchoare
1588 3036 1819 3103 longam.
1886 3046 1927 3085 15

298 3111 426 3162 Jam
461 3114 520 3163 te
555 3116 773 3174 premet
806 3126 915 3164 nox
950 3109 1276 3179 fabulaeque
1311 3111 1506 3167 Manes
