2217 3559
227 100 282 144 12

784 98 1093 145 HORATII
1131 98 1390 149 FLAGOI

444 182 648 234 Hastas
684 185 742 231 et
779 179 968 230 calami
1009 179 1214 246 spicula
1252 180 1434 232 Cnosii

443 255 660 308 Vitabis
698 254 1102 322 strepitumque
1141 258 1200 307 et
1235 255 1471 308 celerem
1509 257 1662 324 sequi

424 331 710 399 'Ajacem3
745 333 931 382 tamen
968 331 1077 383 heu
1116 346 1269 383 serus
1306 331 1586 384 adulteros

511 406 705 459 Orines
742 406 965 472 pulvere
1003 406 1242 458 collineS.

445 481 570 534 Non
609 480 937 534 Laertiaden
976 482 1206 534 exitium
1243 486 1372 535 tuae

443 558 626 623 Genti,
663 573 770 609 non
809 556 1021 624 Pylium
1059 557 1299 610 Nestora
1333 561 1595 624 respicis?

446 634 661 700 Urgent
696 633 955 700 impavidi
994 636 1052 685 te
1090 633 1413 686 Salaminius

514 709 721 762 Teucer
756 712 814 761 et
851 708 1146 762 Sthenelus
1183 709 1360 762 sciens

448 783 684 851 Pugnae,
723 784 835 836 sive
870 800 1008 852 opus
1044 788 1131 836 est
1167 784 1483 852 imperitare
1519 791 1674 854 equis

446 860 571 912 Non
608 859 796 926 auriga
830 860 1017 926 piger;
1056 860 1344 912 Merionen
1381 877 1597 929 quoque

446 936 667 989 Nosces.
740 936 879 987 Ecce
915 934 1051 987 furit
1085 938 1144 988 te
1183 936 1427 1003 reperire
1463 940 1621 989 atrox

516 1011 755 1080 Tydides
791 1011 983 1064 melior
1019 1016 1191 1079 patre,

447 1089 623 1152 Quem
659 1091 723 1141 tu
760 1104 952 1140 cervus
988 1088 1069 1140 uti
1107 1088 1260 1140 vallis
1294 1088 1352 1140 in
1389 1088 1560 1142 altera

450 1165 643 1224 Visum
679 1167 838 1231 parte
875 1163 1061 1230 lupum
1096 1163 1360 1230 graminis
1395 1164 1676 1218 immemor

444 1240 676 1295 Sublimi
712 1240 889 1305 fugies
924 1239 1102 1291 mollis
1139 1240 1400 1306 anhelitu,

518 1317 566 1369 Ν
573 1334 641 1368 011
680 1316 780 1368 hoc
816 1315 1089 1383 pollicitus
1125 1319 1267 1368 tuae.

451 1392 721 1445 Iracunda
757 1392 902 1444 diem
938 1392 1184 1459 proferet
1228 1392 1325 1444 llio

448 1468 828 1536 Matronisque
869 1468 1144 1535 Phrygum
1181 1468 1366 1521 classis
1407 1468 1677 1534 Achille'1'3

449 1545 582 1599 Post
617 1549 796 1599 certas
832 1545 1040 1598 hiemes
1076 1550 1208 1598 uret
1243 1546 1517 1599 Achaicus

520 1621 673 1690 Ignis
713 1621 907 1674 Iliacas
944 1620 1148 1673 domos,

1022 1759 1176 1813 XVI.

448 1844 497 1896 O
535 1860 731 1895 mnas
767 1841 993 1910 pulchra
1028 1842 1140 1895 filia
1174 1843 1461 1911 pulchrior,

448 1919 625 1982 Quem
662 1917 962 1971 criminosis
999 1934 1214 1987 cunque
1250 1919 1398 1973 voles
1434 1919 1657 1973 modum

522 1995 698 2047 Pones
733 1993 947 2056 iambiS,
986 1994 1098 2047 sive
1137 1995 1355 2047 flamma

587 2071 713 2123 Sive
748 2072 885 2121 mari
922 2069 1058 2122 libet
1097 2070 1391 2125 Hadriane.

450 2146 574 2199 Non
613 2145 972 2213 Dindymene,
1010 2163 1118 2198 non
1155 2147 1334 2214 adytis
1369 2150 1550 2215 quatit

449 2223 694 2276 Mentem
732 2222 1079 2275 sacerdotum
1117 2224 1292 2276 incola
1330 2223 1573 2292 Pythius,

515 2298 640 2351 Non
680 2298 844 2351 Liber
878 2316 1066 2367 aeque,
1104 2317 1211 2352 non
1247 2304 1408 2353 acuta

586 2375 676 2428 Sic
710 2376 990 2442 geminant
1029 2375 1366 2443 Corybantes
1402 2392 1531 2429 aera

445 2449 654 2504 Tristes
688 2456 752 2504 ut
787 2452 914 2516 irae,
952 2468 1088 2519 quas
1124 2469 1304 2520 neque
1342 2452 1574 2504 Noricus

446 2525 713 2580 Deterret
748 2527 893 2580 ensis
927 2544 1028 2580 nec
1063 2544 1214 2581 mare
1251 2528 1571 2596 naufragum

518 2602 632 2655 Nec
668 2620 859 2655 saevus
894 2603 1037 2671 ignis
1073 2620 1175 2657 nec
1209 2604 1499 2658 tremendo

582 2679 844 2747 ,Iuppiter
878 2680 995 2747 ipse
1031 2697 1198 2733 ruens
1233 2681 1486 2733 tumultu.

447 2753 647 2808 Fertur
684 2755 1055 2821 PrometheuS,
1092 2757 1300 2810 addere
1334 2754 1563 2825 principi

446 2830 601 2883 Limo
636 2835 853 2884 coactus
889 2833 1207 2899 particulam
1244 2832 1486 2901 undique

515 2906 822 2971 Desectam,
856 2911 916 2960 et
950 2908 1122 2960 insani
1158 2909 1328 2961 leonis

582 2981 713 3034 Vim
749 2984 1025 3037 stomacho
1060 2984 1375 3053 apposuisse
1407 2990 1593 3041 nostro

449 3057 574 3109 Irae
608 3057 881 3124 Thyesten
917 3059 1084 3112 exitio
1120 3060 1274 3126 gravi

445 3131 718 3197 Sti-avere,
756 3136 815 3186 et
850 3133 976 3187 altis
1010 3132 1238 3187 urbibus
1273 3134 1498 3190 ultimae

1905 2546 1948 2582 ω
