<?xml version="1.0" encoding="UTF-8"?>
<!DOCTYPE html PUBLIC "-//W3C//DTD XHTML 1.0 Transitional//EN"
    "http://www.w3.org/TR/xhtml1/DTD/xhtml1-transitional.dtd">
<html xmlns="http://www.w3.org/1999/xhtml" xml:lang="en" lang="en">
 <head>
  <title>
</title>
<meta http-equiv="Content-Type" content="text/html;charset=utf-8" />
  <meta name='ocr-system' content='tesseract 3.04.00' />
  <meta name='ocr-capabilities' content='ocr_page ocr_carea ocr_par ocr_line ocrx_word'/>
</head>
<body>
  <div class='ocr_page' id='page_1' title='image "./quintihoratiifl02longgoog_0082.png"; bbox 0 0 2217 3559; ppageno 0'>
   <div class='ocr_carea' id='block_1_1' title="bbox 288 121 353 167">
    <p class='ocr_par' dir='ltr' id='par_1_1' title="bbox 288 121 353 167">
     <span class='ocr_line' id='line_1_1' title="bbox 288 121 353 167; baseline 0.015 -1"><span class='ocrx_word' id='word_1_1' title='bbox 288 121 353 167; x_wconf 80' lang='lat'><strong>56</strong></span> 
     </span>
    </p>
   </div>
   <div class='ocr_carea' id='block_1_2' title="bbox 799 117 1404 169">
    <p class='ocr_par' dir='ltr' id='par_1_2' title="bbox 799 117 1404 169">
     <span class='ocr_line' id='line_1_2' title="bbox 799 117 1404 169; baseline -0.007 0"><span class='ocrx_word' id='word_1_2' title='bbox 799 119 1107 169; x_wconf 83' lang='lat' dir='ltr'>HORATII</span> <span class='ocrx_word' id='word_1_3' title='bbox 1144 117 1404 167; x_wconf 85' lang='lat' dir='ltr'><strong>FLACCI</strong></span> 
     </span>
    </p>
   </div>
   <div class='ocr_carea' id='block_1_3' title="bbox 525 197 1980 1986">
    <p class='ocr_par' dir='ltr' id='par_1_3' title="bbox 525 197 1980 1986">
     <span class='ocr_line' id='line_1_3' title="bbox 525 197 1442 271; baseline -0.012 -11"><span class='ocrx_word' id='word_1_4' title='bbox 525 204 700 260; x_wconf 88' lang='lat' dir='ltr'><strong>Unico</strong></span> <span class='ocrx_word' id='word_1_5' title='bbox 733 202 978 271; x_wconf 81' lang='lat' dir='ltr'><strong>gaudens</strong></span> <span class='ocrx_word' id='word_1_6' title='bbox 1012 200 1210 252; x_wconf 81' lang='lat' dir='ltr'><strong>mulier</strong></span> <span class='ocrx_word' id='word_1_7' title='bbox 1244 197 1442 250; x_wconf 89' lang='lat' dir='ltr'><strong>marito</strong></span> 
     </span>
     <span class='ocr_line' id='line_1_4' title="bbox 528 272 1432 346; baseline -0.011 -13"><span class='ocrx_word' id='word_1_8' title='bbox 528 279 767 333; x_wconf 88' lang='lat' dir='ltr'><strong>Prodeat</strong></span> <span class='ocrx_word' id='word_1_9' title='bbox 791 278 959 346; x_wconf 89' lang='lat' dir='ltr'><strong>justis</strong></span> <span class='ocrx_word' id='word_1_10' title='bbox 993 279 1218 343; x_wconf 85' lang='lat' dir='ltr'><strong>operata</strong></span> <span class='ocrx_word' id='word_1_11' title='bbox 1254 272 1432 334; x_wconf 57' lang='lat' dir='ltr'><strong>sacris„</strong></span> 
     </span>
     <span class='ocr_line' id='line_1_5' title="bbox 531 347 1510 408; baseline -0.011 1"><span class='ocrx_word' id='word_1_12' title='bbox 531 356 606 408; x_wconf 86' lang='lat' dir='ltr'><strong>Et</strong></span> <span class='ocrx_word' id='word_1_13' title='bbox 641 370 792 407; x_wconf 88' lang='lat' dir='ltr'><strong>soror</strong></span> <span class='ocrx_word' id='word_1_14' title='bbox 825 351 956 405; x_wconf 88' lang='lat' dir='ltr'><strong>clari</strong></span> <span class='ocrx_word' id='word_1_15' title='bbox 993 350 1148 403; x_wconf 89' lang='lat' dir='ltr'><strong>ducis</strong></span> <span class='ocrx_word' id='word_1_16' title='bbox 1186 351 1244 401; x_wconf 92' lang='lat' dir='ltr'><strong>et</strong></span> <span class='ocrx_word' id='word_1_17' title='bbox 1280 347 1510 399; x_wconf 79' lang='lat' dir='ltr'>decorae</span> 
     </span>
     <span class='ocr_line' id='line_1_6' title="bbox 600 427 1027 497; baseline -0.009 -14"><span class='ocrx_word' id='word_1_18' title='bbox 600 429 852 497; x_wconf 82' lang='lat' dir='ltr'><strong>Supplice</strong></span> <span class='ocrx_word' id='word_1_19' title='bbox 887 427 1027 480; x_wconf 84' lang='lat' dir='ltr'><strong>vitta</strong></span> 
     </span>
     <span class='ocr_line' id='line_1_7' title="bbox 533 499 1680 572; baseline -0.01 -15"><span class='ocrx_word' id='word_1_20' title='bbox 533 504 822 572; x_wconf 87' lang='lat' dir='ltr'><strong>Virginum</strong></span> <span class='ocrx_word' id='word_1_21' title='bbox 857 505 1060 554; x_wconf 88' lang='lat' dir='ltr'><strong>matres</strong></span> <span class='ocrx_word' id='word_1_22' title='bbox 1088 499 1463 567; x_wconf 85' lang='lat' dir='ltr'><strong>juvenumque</strong></span> <span class='ocrx_word' id='word_1_23' title='bbox 1497 510 1680 561; x_wconf 86' lang='lat' dir='ltr'><strong>nuper</strong></span> 
     </span>
     <span class='ocr_line' id='line_1_8' title="bbox 533 569 1965 647; baseline -0.01 -14"><span class='ocrx_word' id='word_1_24' title='bbox 533 580 823 647; x_wconf 77' lang='lat' dir='ltr'><strong>Sospitam.</strong></span> <span class='ocrx_word' id='word_1_25' title='bbox 894 577 1023 643; x_wconf 86' lang='lat' dir='ltr'><strong>Vos,</strong></span> <span class='ocrx_word' id='word_1_26' title='bbox 1062 592 1094 628; x_wconf 95' lang='lat' dir='ltr'><strong>o</strong></span> <span class='ocrx_word' id='word_1_27' title='bbox 1131 573 1289 643; x_wconf 91' lang='lat' dir='ltr'><strong>pueri</strong></span> <span class='ocrx_word' id='word_1_28' title='bbox 1325 576 1383 625; x_wconf 82' lang='lat' dir='ltr'><strong>et</strong></span> <span class='ocrx_word' id='word_1_29' title='bbox 1417 569 1632 639; x_wconf 88' lang='lat' dir='ltr'><strong>puellae</strong></span> <span class='ocrx_word' id='word_1_30' title='bbox 1923 580 1965 620; x_wconf 81' lang='grc' dir='ltr'><strong>1ο</strong></span> 
     </span>
     <span class='ocr_line' id='line_1_9' title="bbox 533 645 1645 719; baseline -0.013 -9"><span class='ocrx_word' id='word_1_31' title='bbox 533 655 572 710; x_wconf 82' lang='lat' dir='ltr'><strong>J</strong></span> <span class='ocrx_word' id='word_1_32' title='bbox 575 671 663 709; x_wconf 89' lang='lat' dir='ltr'><strong>am</strong></span> <span class='ocrx_word' id='word_1_33' title='bbox 697 654 873 707; x_wconf 86' lang='lat' dir='ltr'><strong>virum</strong></span> <span class='ocrx_word' id='word_1_34' title='bbox 909 655 1182 719; x_wconf 74' lang='lat' dir='ltr'><strong>expertae,</strong></span> <span class='ocrx_word' id='word_1_35' title='bbox 1217 647 1359 701; x_wconf 85' lang='lat' dir='ltr'><strong>male</strong></span> <span class='ocrx_word' id='word_1_36' title='bbox 1392 645 1645 700; x_wconf 79' lang='lat' dir='ltr'><strong>ominatis</strong></span> 
     </span>
     <span class='ocr_line' id='line_1_10' title="bbox 605 726 1052 783; baseline -0.007 0"><span class='ocrx_word' id='word_1_37' title='bbox 605 730 821 783; x_wconf 76' lang='lat' dir='ltr'><strong>Parcite</strong></span> <span class='ocrx_word' id='word_1_38' title='bbox 855 726 1052 781; x_wconf 77' lang='lat' dir='ltr'><strong>verbiS.</strong></span> 
     </span>
     <span class='ocr_line' id='line_1_11' title="bbox 537 801 1521 860; baseline -0.01 0"><span class='ocrx_word' id='word_1_39' title='bbox 537 806 647 860; x_wconf 89' lang='lat' dir='ltr'><strong>Hic</strong></span> <span class='ocrx_word' id='word_1_40' title='bbox 683 805 800 858; x_wconf 86' lang='lat' dir='ltr'><strong>dies</strong></span> <span class='ocrx_word' id='word_1_41' title='bbox 834 820 962 857; x_wconf 87' lang='lat' dir='ltr'><strong>vere</strong></span> <span class='ocrx_word' id='word_1_42' title='bbox 997 801 1128 855; x_wconf 91' lang='lat' dir='ltr'><strong>mihi</strong></span> <span class='ocrx_word' id='word_1_43' title='bbox 1163 801 1337 853; x_wconf 89' lang='lat' dir='ltr'><strong>festus</strong></span> <span class='ocrx_word' id='word_1_44' title='bbox 1372 801 1521 851; x_wconf 86' lang='lat' dir='ltr'><strong>atras</strong></span> 
     </span>
     <span class='ocr_line' id='line_1_12' title="bbox 538 873 1575 944; baseline -0.012 -9"><span class='ocrx_word' id='word_1_45' title='bbox 538 881 757 935; x_wconf 85' lang='lat' dir='ltr'><strong>Eximet</strong></span> <span class='ocrx_word' id='word_1_46' title='bbox 791 897 974 944; x_wconf 82' lang='lat' dir='ltr'><strong>curas3</strong></span> <span class='ocrx_word' id='word_1_47' title='bbox 1010 893 1113 944; x_wconf 89' lang='lat' dir='ltr'><strong>ego</strong></span> <span class='ocrx_word' id='word_1_48' title='bbox 1148 892 1248 928; x_wconf 90' lang='lat' dir='ltr'><strong>nec</strong></span> <span class='ocrx_word' id='word_1_49' title='bbox 1283 873 1575 927; x_wconf 90' lang='lat' dir='ltr'><strong>tumultum</strong></span> 
     </span>
     <span class='ocr_line' id='line_1_13' title="bbox 537 950 1972 1022; baseline -0.01 -12"><span class='ocrx_word' id='word_1_50' title='bbox 537 957 658 1011; x_wconf 90' lang='lat' dir='ltr'><strong>Nec</strong></span> <span class='ocrx_word' id='word_1_51' title='bbox 692 955 830 1008; x_wconf 91' lang='lat' dir='ltr'><strong>mori</strong></span> <span class='ocrx_word' id='word_1_52' title='bbox 864 970 963 1022; x_wconf 90' lang='lat' dir='ltr'><strong>per</strong></span> <span class='ocrx_word' id='word_1_53' title='bbox 996 952 1107 1005; x_wconf 86' lang='lat' dir='ltr'><strong>vim</strong></span> <span class='ocrx_word' id='word_1_54' title='bbox 1140 954 1383 1003; x_wconf 88' lang='lat' dir='ltr'><strong>metuam</strong></span> <span class='ocrx_word' id='word_1_55' title='bbox 1418 950 1644 1001; x_wconf 88' lang='lat' dir='ltr'><strong>tenente</strong></span> <span class='ocrx_word' id='word_1_56' title='bbox 1925 957 1972 997; x_wconf 80' lang='lat'><strong>15</strong></span> 
     </span>
     <span class='ocr_line' id='line_1_14' title="bbox 609 1033 1064 1085; baseline -0.011 0"><span class='ocrx_word' id='word_1_57' title='bbox 609 1033 841 1085; x_wconf 81' lang='lat' dir='ltr'><strong>Caesare</strong></span> <span class='ocrx_word' id='word_1_58' title='bbox 875 1034 1064 1082; x_wconf 87' lang='lat' dir='ltr'><strong>terras.</strong></span> 
     </span>
     <span class='ocr_line' id='line_1_15' title="bbox 541 1102 1663 1175; baseline -0.013 -14"><span class='ocrx_word' id='word_1_59' title='bbox 541 1108 572 1161; x_wconf 94' lang='lat' dir='ltr'>I</span> <span class='ocrx_word' id='word_1_60' title='bbox 608 1111 734 1175; x_wconf 90' lang='lat' dir='ltr'><strong>pete</strong></span> <span class='ocrx_word' id='word_1_61' title='bbox 769 1110 1121 1172; x_wconf 74' lang='lat' dir='ltr'><strong>unguentum,</strong></span> <span class='ocrx_word' id='word_1_62' title='bbox 1157 1117 1309 1168; x_wconf 91' lang='lat' dir='ltr'><strong>puer,</strong></span> <span class='ocrx_word' id='word_1_63' title='bbox 1347 1102 1405 1152; x_wconf 91' lang='lat' dir='ltr'><strong>et</strong></span> <span class='ocrx_word' id='word_1_64' title='bbox 1440 1112 1663 1150; x_wconf 88' lang='lat' dir='ltr'><strong>coronas</strong></span> 
     </span>
     <span class='ocr_line' id='line_1_16' title="bbox 541 1172 1601 1238; baseline -0.012 -2"><span class='ocrx_word' id='word_1_65' title='bbox 541 1184 615 1236; x_wconf 86' lang='lat' dir='ltr'><strong>Et</strong></span> <span class='ocrx_word' id='word_1_66' title='bbox 649 1181 845 1235; x_wconf 89' lang='lat' dir='ltr'><strong>cadum</strong></span> <span class='ocrx_word' id='word_1_67' title='bbox 881 1180 1050 1232; x_wconf 88' lang='lat' dir='ltr'><strong>Marsi</strong></span> <span class='ocrx_word' id='word_1_68' title='bbox 1086 1192 1385 1229; x_wconf 89' lang='lat' dir='ltr'><strong>memorem</strong></span> <span class='ocrx_word' id='word_1_69' title='bbox 1421 1172 1601 1238; x_wconf 91' lang='lat' dir='ltr'><strong>duelli,</strong></span> 
     </span>
     <span class='ocr_line' id='line_1_17' title="bbox 541 1251 1618 1325; baseline -0.01 -14"><span class='ocrx_word' id='word_1_70' title='bbox 541 1258 858 1325; x_wconf 82' lang='lat' dir='ltr'><strong>Spartacum</strong></span> <span class='ocrx_word' id='word_1_71' title='bbox 895 1256 940 1308; x_wconf 83' lang='lat' dir='ltr'><strong>si</strong></span> <span class='ocrx_word' id='word_1_72' title='bbox 976 1270 1084 1323; x_wconf 90' lang='lat' dir='ltr'><strong>qua</strong></span> <span class='ocrx_word' id='word_1_73' title='bbox 1117 1251 1298 1321; x_wconf 90' lang='lat' dir='ltr'><strong>potuit</strong></span> <span class='ocrx_word' id='word_1_74' title='bbox 1332 1251 1618 1317; x_wconf 84' lang='lat' dir='ltr'><strong>vagantem</strong></span> 
     </span>
     <span class='ocr_line' id='line_1_18' title="bbox 614 1332 1976 1384; baseline -0.008 0"><span class='ocrx_word' id='word_1_75' title='bbox 614 1332 826 1384; x_wconf 82' lang='lat' dir='ltr'><strong>Fallere</strong></span> <span class='ocrx_word' id='word_1_76' title='bbox 860 1333 1020 1383; x_wconf 90' lang='lat' dir='ltr'><strong>testa.</strong></span> <span class='ocrx_word' id='word_1_77' title='bbox 1921 1332 1976 1373; x_wconf 63' lang='grc' dir='ltr'>ω</span> 
     </span>
     <span class='ocr_line' id='line_1_19' title="bbox 543 1400 1578 1473; baseline -0.009 -13"><span class='ocrx_word' id='word_1_78' title='bbox 543 1406 647 1460; x_wconf 90' lang='lat' dir='ltr'><strong>Dic</strong></span> <span class='ocrx_word' id='word_1_79' title='bbox 683 1410 741 1460; x_wconf 91' lang='lat' dir='ltr'><strong>et</strong></span> <span class='ocrx_word' id='word_1_80' title='bbox 774 1409 1002 1473; x_wconf 82' lang='lat' dir='ltr'><strong>argutae</strong></span> <span class='ocrx_word' id='word_1_81' title='bbox 1034 1405 1295 1471; x_wconf 84' lang='lat' dir='ltr'><strong>properet</strong></span> <span class='ocrx_word' id='word_1_82' title='bbox 1331 1400 1578 1453; x_wconf 87' lang='lat' dir='ltr'><strong>Neaerae</strong></span> 
     </span>
     <span class='ocr_line' id='line_1_20' title="bbox 544 1475 1604 1539; baseline -0.008 -4"><span class='ocrx_word' id='word_1_83' title='bbox 544 1482 867 1536; x_wconf 69' lang='lat' dir='ltr'><strong>Muri-heum</strong></span> <span class='ocrx_word' id='word_1_84' title='bbox 901 1480 1045 1532; x_wconf 87' lang='lat' dir='ltr'><strong>nodo</strong></span> <span class='ocrx_word' id='word_1_85' title='bbox 1081 1478 1336 1530; x_wconf 86' lang='lat' dir='ltr'><strong>cohibere</strong></span> <span class='ocrx_word' id='word_1_86' title='bbox 1374 1475 1604 1539; x_wconf 81' lang='lat' dir='ltr'><strong>crinem3</strong></span> 
     </span>
     <span class='ocr_line' id='line_1_21' title="bbox 546 1552 1514 1624; baseline -0.008 -14"><span class='ocrx_word' id='word_1_87' title='bbox 546 1557 603 1611; x_wconf 79' lang='lat' dir='ltr'><strong>Si</strong></span> <span class='ocrx_word' id='word_1_88' title='bbox 639 1574 738 1624; x_wconf 89' lang='lat' dir='ltr'><strong>per</strong></span> <span class='ocrx_word' id='word_1_89' title='bbox 771 1556 1004 1607; x_wconf 87' lang='lat' dir='ltr'><strong>invisum</strong></span> <span class='ocrx_word' id='word_1_90' title='bbox 1039 1570 1191 1607; x_wconf 86' lang='lat' dir='ltr'><strong>mora</strong></span> <span class='ocrx_word' id='word_1_91' title='bbox 1219 1552 1514 1620; x_wconf 88' lang='lat' dir='ltr'><strong>janitorem</strong></span> 
     </span>
     <span class='ocr_line' id='line_1_22' title="bbox 616 1631 957 1698; baseline 0 -14"><span class='ocrx_word' id='word_1_92' title='bbox 616 1632 757 1698; x_wconf 85' lang='lat' dir='ltr'><strong>Fiet,</strong></span> <span class='ocrx_word' id='word_1_93' title='bbox 793 1631 957 1684; x_wconf 82' lang='lat' dir='ltr'><strong>abito,</strong></span> 
     </span>
     <span class='ocr_line' id='line_1_23' title="bbox 547 1701 1980 1770; baseline -0.008 -10"><span class='ocrx_word' id='word_1_94' title='bbox 547 1707 709 1760; x_wconf 89' lang='lat' dir='ltr'><strong>Lenit</strong></span> <span class='ocrx_word' id='word_1_95' title='bbox 742 1707 1020 1759; x_wconf 80' lang='lat' dir='ltr'><strong>albescens</strong></span> <span class='ocrx_word' id='word_1_96' title='bbox 1055 1705 1262 1758; x_wconf 90' lang='lat' dir='ltr'><strong>animos</strong></span> <span class='ocrx_word' id='word_1_97' title='bbox 1297 1701 1521 1770; x_wconf 86' lang='lat' dir='ltr'><strong>capillus</strong></span> <span class='ocrx_word' id='word_1_98' title='bbox 1930 1709 1980 1749; x_wconf 70' lang='lat'><strong>25</strong></span> 
     </span>
     <span class='ocr_line' id='line_1_24' title="bbox 549 1780 1646 1848; baseline -0.008 -13"><span class='ocrx_word' id='word_1_99' title='bbox 549 1782 754 1835; x_wconf 85' lang='lat' dir='ltr'><strong>Litium</strong></span> <span class='ocrx_word' id='word_1_100' title='bbox 790 1787 846 1834; x_wconf 89' lang='lat' dir='ltr'><strong>et</strong></span> <span class='ocrx_word' id='word_1_101' title='bbox 880 1782 1032 1833; x_wconf 86' lang='lat' dir='ltr'><strong>rixae</strong></span> <span class='ocrx_word' id='word_1_102' title='bbox 1068 1780 1293 1848; x_wconf 89' lang='lat' dir='ltr'><strong>cupidos</strong></span> <span class='ocrx_word' id='word_1_103' title='bbox 1328 1781 1646 1845; x_wconf 87' lang='lat' dir='ltr'><strong>protervae;</strong></span> 
     </span>
     <span class='ocr_line' id='line_1_25' title="bbox 549 1850 1687 1923; baseline -0.004 -13"><span class='ocrx_word' id='word_1_104' title='bbox 549 1857 600 1911; x_wconf 90' lang='lat' dir='ltr'>N</span> <span class='ocrx_word' id='word_1_105' title='bbox 604 1874 673 1909; x_wconf 92' lang='lat' dir='ltr'><strong>on</strong></span> <span class='ocrx_word' id='word_1_106' title='bbox 711 1872 810 1923; x_wconf 88' lang='lat' dir='ltr'><strong>ego</strong></span> <span class='ocrx_word' id='word_1_107' title='bbox 845 1856 947 1908; x_wconf 89' lang='lat' dir='ltr'><strong>hoc</strong></span> <span class='ocrx_word' id='word_1_108' title='bbox 981 1856 1181 1909; x_wconf 88' lang='lat' dir='ltr'><strong>ferrem</strong></span> <span class='ocrx_word' id='word_1_109' title='bbox 1218 1852 1427 1908; x_wconf 87' lang='lat' dir='ltr'><strong>calidus</strong></span> <span class='ocrx_word' id='word_1_110' title='bbox 1454 1850 1687 1920; x_wconf 76' lang='lat' dir='ltr'><strong>juventa</strong></span> 
     </span>
     <span class='ocr_line' id='line_1_26' title="bbox 621 1931 1103 1986; baseline -0.002 0"><span class='ocrx_word' id='word_1_111' title='bbox 621 1931 853 1986; x_wconf 85' lang='lat' dir='ltr'><strong>Consule</strong></span> <span class='ocrx_word' id='word_1_112' title='bbox 892 1931 1103 1985; x_wconf 78' lang='lat' dir='ltr'><strong>Planco,</strong></span> 
     </span>
    </p>
   </div>
   <div class='ocr_carea' id='block_1_4' title="bbox 2171 334 2204 1661">
    <p class='ocr_par' dir='ltr' id='par_1_4' title="bbox 2171 334 2204 1661">
     <span class='ocr_line' id='line_1_27' title="bbox 2171 334 2204 1661; baseline 0 0"><span class='ocrx_word' id='word_1_113' title='bbox 2171 334 2204 1661; x_wconf 95' lang='lat' dir='ltr'><strong> </strong></span> 
     </span>
    </p>
   </div>
   <div class='ocr_carea' id='block_1_5' title="bbox 556 2153 1992 3191">
    <p class='ocr_par' dir='ltr' id='par_1_5' title="bbox 556 2153 1992 3191">
     <span class='ocr_line' id='line_1_28' title="bbox 566 2153 1209 2224; baseline -0.017 -10"><span class='ocrx_word' id='word_1_114' title='bbox 566 2160 728 2213; x_wconf 80' lang='lat' dir='ltr'><strong>Uxon</strong></span> <span class='ocrx_word' id='word_1_115' title='bbox 753 2155 1005 2224; x_wconf 88' lang='lat' dir='ltr'><strong>pauperis</strong></span> <span class='ocrx_word' id='word_1_116' title='bbox 1044 2153 1209 2220; x_wconf 78' lang='lat' dir='ltr'><strong>Ibyci,</strong></span> 
     </span>
     <span class='ocr_line' id='line_1_29' title="bbox 623 2225 1745 2297; baseline -0.006 -12"><span class='ocrx_word' id='word_1_117' title='bbox 623 2233 864 2285; x_wconf 86' lang='lat' dir='ltr'><strong>Tandem</strong></span> <span class='ocrx_word' id='word_1_118' title='bbox 900 2229 1178 2297; x_wconf 77' lang='lat' dir='ltr'><strong>nequitiae</strong></span> <span class='ocrx_word' id='word_1_119' title='bbox 1214 2228 1321 2295; x_wconf 83' lang='lat' dir='ltr'><strong>fige</strong></span> <span class='ocrx_word' id='word_1_120' title='bbox 1356 2225 1577 2279; x_wconf 85' lang='lat' dir='ltr'><strong>modum</strong></span> <span class='ocrx_word' id='word_1_121' title='bbox 1610 2228 1745 2279; x_wconf 79' lang='lat' dir='ltr'><strong>tuae</strong></span> 
     </span>
     <span class='ocr_line' id='line_1_30' title="bbox 556 2304 1244 2373; baseline -0.01 -12"><span class='ocrx_word' id='word_1_122' title='bbox 556 2306 909 2373; x_wconf 86' lang='lat' dir='ltr'><strong>Famosisque</strong></span> <span class='ocrx_word' id='word_1_123' title='bbox 944 2304 1244 2357; x_wconf 85' lang='lat' dir='ltr'><strong>laboribus:</strong></span> 
     </span>
     <span class='ocr_line' id='line_1_31' title="bbox 626 2375 1538 2447; baseline -0.008 -13"><span class='ocrx_word' id='word_1_124' title='bbox 626 2382 846 2434; x_wconf 89' lang='lat' dir='ltr'><strong>Maturo</strong></span> <span class='ocrx_word' id='word_1_125' title='bbox 882 2381 1100 2447; x_wconf 88' lang='lat' dir='ltr'><strong>propior</strong></span> <span class='ocrx_word' id='word_1_126' title='bbox 1137 2378 1326 2431; x_wconf 87' lang='lat' dir='ltr'><strong>desine</strong></span> <span class='ocrx_word' id='word_1_127' title='bbox 1359 2375 1538 2429; x_wconf 80' lang='lat' dir='ltr'><strong>funeri</strong></span> 
     </span>
     <span class='ocr_line' id='line_1_32' title="bbox 559 2455 1989 2522; baseline -0.005 -11"><span class='ocrx_word' id='word_1_128' title='bbox 559 2456 715 2511; x_wconf 84' lang='lat' dir='ltr'><strong>Inter</strong></span> <span class='ocrx_word' id='word_1_129' title='bbox 749 2456 940 2509; x_wconf 87' lang='lat' dir='ltr'><strong>ludere</strong></span> <span class='ocrx_word' id='word_1_130' title='bbox 974 2455 1212 2522; x_wconf 87' lang='lat' dir='ltr'><strong>virgines</strong></span> <span class='ocrx_word' id='word_1_131' title='bbox 1962 2461 1989 2504; x_wconf 77' lang='grc'><strong><em>8</em></strong></span> 
     </span>
     <span class='ocr_line' id='line_1_33' title="bbox 629 2523 1788 2597; baseline -0.008 -12"><span class='ocrx_word' id='word_1_132' title='bbox 629 2534 701 2585; x_wconf 87' lang='lat' dir='ltr'><strong>Et</strong></span> <span class='ocrx_word' id='word_1_133' title='bbox 738 2531 909 2584; x_wconf 90' lang='lat' dir='ltr'><strong>stellis</strong></span> <span class='ocrx_word' id='word_1_134' title='bbox 944 2529 1196 2583; x_wconf 88' lang='lat' dir='ltr'><strong>nebulam</strong></span> <span class='ocrx_word' id='word_1_135' title='bbox 1235 2543 1491 2597; x_wconf 87' lang='lat' dir='ltr'><strong>spargere</strong></span> <span class='ocrx_word' id='word_1_136' title='bbox 1526 2523 1788 2579; x_wconf 86' lang='lat' dir='ltr'><strong>candidis.</strong></span> 
     </span>
     <span class='ocr_line' id='line_1_34' title="bbox 560 2604 1383 2674; baseline -0.005 -15"><span class='ocrx_word' id='word_1_137' title='bbox 560 2607 685 2661; x_wconf 89' lang='lat' dir='ltr'><strong>Non</strong></span> <span class='ocrx_word' id='word_1_138' title='bbox 723 2606 767 2658; x_wconf 92' lang='lat' dir='ltr'><strong>si</strong></span> <span class='ocrx_word' id='word_1_139' title='bbox 803 2605 936 2674; x_wconf 90' lang='lat' dir='ltr'><strong>quid</strong></span> <span class='ocrx_word' id='word_1_140' title='bbox 974 2605 1213 2657; x_wconf 63' lang='lat' dir='ltr'><strong>Pholoen</strong></span> <span class='ocrx_word' id='word_1_141' title='bbox 1252 2604 1383 2656; x_wconf 91' lang='lat' dir='ltr'><strong>satis</strong></span> 
     </span>
     <span class='ocr_line' id='line_1_35' title="bbox 630 2676 1655 2746; baseline -0.005 -13"><span class='ocrx_word' id='word_1_142' title='bbox 630 2682 704 2733; x_wconf 85' lang='lat' dir='ltr'><strong>Et</strong></span> <span class='ocrx_word' id='word_1_143' title='bbox 737 2685 811 2746; x_wconf 89' lang='lat' dir='ltr'><strong>te,</strong></span> <span class='ocrx_word' id='word_1_144' title='bbox 850 2680 1047 2744; x_wconf 86' lang='lat' dir='ltr'><strong>Chlori,</strong></span> <span class='ocrx_word' id='word_1_145' title='bbox 1085 2679 1270 2732; x_wconf 89' lang='lat' dir='ltr'><strong>decet:</strong></span> <span class='ocrx_word' id='word_1_146' title='bbox 1307 2677 1418 2730; x_wconf 88' lang='lat' dir='ltr'><strong>filia</strong></span> <span class='ocrx_word' id='word_1_147' title='bbox 1453 2676 1655 2730; x_wconf 87' lang='lat' dir='ltr'><strong>rectius</strong></span> 
     </span>
     <span class='ocr_line' id='line_1_36' title="bbox 562 2753 1383 2822; baseline -0.007 -13"><span class='ocrx_word' id='word_1_148' title='bbox 562 2755 852 2822; x_wconf 75' lang='lat' dir='ltr'><strong>Expugnat</strong></span> <span class='ocrx_word' id='word_1_149' title='bbox 881 2754 1145 2821; x_wconf 88' lang='lat' dir='ltr'><strong>juvenum</strong></span> <span class='ocrx_word' id='word_1_150' title='bbox 1182 2753 1383 2817; x_wconf 80' lang='lat' dir='ltr'><strong>domOS,</strong></span> 
     </span>
     <span class='ocr_line' id='line_1_37' title="bbox 634 2828 1992 2896; baseline -0.005 -13"><span class='ocrx_word' id='word_1_151' title='bbox 634 2831 796 2883; x_wconf 91' lang='lat' dir='ltr'><strong>Pulso</strong></span> <span class='ocrx_word' id='word_1_152' title='bbox 833 2829 1027 2896; x_wconf 82' lang='lat' dir='ltr'><strong>Thyia-s</strong></span> <span class='ocrx_word' id='word_1_153' title='bbox 1061 2829 1145 2881; x_wconf 87' lang='lat' dir='ltr'><strong>uti</strong></span> <span class='ocrx_word' id='word_1_154' title='bbox 1182 2828 1391 2880; x_wconf 87' lang='lat' dir='ltr'><strong>concita</strong></span> <span class='ocrx_word' id='word_1_155' title='bbox 1425 2829 1693 2895; x_wconf 84' lang='lat' dir='ltr'><strong>tympano,</strong></span> <span class='ocrx_word' id='word_1_156' title='bbox 1948 2837 1992 2877; x_wconf 78' lang='grc' dir='ltr'><strong>ιο</strong></span> 
     </span>
     <span class='ocr_line' id='line_1_38' title="bbox 564 2901 1300 2972; baseline -0.01 -11"><span class='ocrx_word' id='word_1_157' title='bbox 564 2905 723 2962; x_wconf 89' lang='lat' dir='ltr'><strong>Illam</strong></span> <span class='ocrx_word' id='word_1_158' title='bbox 759 2907 904 2972; x_wconf 85' lang='lat' dir='ltr'><strong>cogit</strong></span> <span class='ocrx_word' id='word_1_159' title='bbox 939 2920 1092 2956; x_wconf 90' lang='lat' dir='ltr'><strong>amor</strong></span> <span class='ocrx_word' id='word_1_160' title='bbox 1128 2901 1300 2955; x_wconf 92' lang='lat' dir='ltr'><strong>Nothi</strong></span> 
     </span>
     <span class='ocr_line' id='line_1_39' title="bbox 633 2978 1673 3044; baseline -0.006 -12"><span class='ocrx_word' id='word_1_161' title='bbox 633 2981 888 3032; x_wconf 85' lang='lat' dir='ltr'><strong>Lascivae</strong></span> <span class='ocrx_word' id='word_1_162' title='bbox 924 2979 1156 3030; x_wconf 88' lang='lat' dir='ltr'><strong>similem</strong></span> <span class='ocrx_word' id='word_1_163' title='bbox 1192 2978 1384 3030; x_wconf 87' lang='lat' dir='ltr'><strong>ludere</strong></span> <span class='ocrx_word' id='word_1_164' title='bbox 1420 2990 1673 3044; x_wconf 83' lang='lat' dir='ltr'><strong>capreae:</strong></span> 
     </span>
     <span class='ocr_line' id='line_1_40' title="bbox 563 3052 1718 3118; baseline -0.003 -13"><span class='ocrx_word' id='word_1_165' title='bbox 563 3053 642 3110; x_wconf 80' lang='lat' dir='ltr'><strong>Te</strong></span> <span class='ocrx_word' id='word_1_166' title='bbox 676 3054 831 3105; x_wconf 86' lang='lat' dir='ltr'><strong>lanae</strong></span> <span class='ocrx_word' id='word_1_167' title='bbox 865 3068 1030 3118; x_wconf 89' lang='lat' dir='ltr'><strong>prope</strong></span> <span class='ocrx_word' id='word_1_168' title='bbox 1066 3052 1302 3103; x_wconf 89' lang='lat' dir='ltr'><strong>nobilem</strong></span> <span class='ocrx_word' id='word_1_169' title='bbox 1717 3077 1718 3080; x_wconf 36' lang='lat'>¹</span> 
     </span>
     <span class='ocr_line' id='line_1_41' title="bbox 635 3120 1851 3191; baseline -0.004 -11"><span class='ocrx_word' id='word_1_170' title='bbox 635 3126 841 3180; x_wconf 84' lang='lat' dir='ltr'><strong>Tonsae</strong></span> <span class='ocrx_word' id='word_1_171' title='bbox 878 3120 1179 3191; x_wconf 80' lang='lat' dir='ltr'><strong>Luceriam,</strong></span> <span class='ocrx_word' id='word_1_172' title='bbox 1215 3140 1322 3177; x_wconf 90' lang='lat' dir='ltr'><strong>non</strong></span> <span class='ocrx_word' id='word_1_173' title='bbox 1357 3123 1598 3177; x_wconf 87' lang='lat' dir='ltr'><strong>citharae</strong></span> <span class='ocrx_word' id='word_1_174' title='bbox 1635 3122 1851 3188; x_wconf 85' lang='lat' dir='ltr'><strong>decent,</strong></span> 
     </span>
    </p>
   </div>
   <div class='ocr_carea' id='block_1_6' title="bbox 2068 0 2217 3537">
    <p class='ocr_par' dir='ltr' id='par_1_6' title="bbox 2068 0 2217 3537">
     <span class='ocr_line' id='line_1_42' title="bbox 2068 0 2217 3537; baseline 0 0"><span class='ocrx_word' id='word_1_175' title='bbox 2068 0 2217 3537; x_wconf 95' lang='lat' dir='ltr'><strong> </strong></span> 
     </span>
    </p>
   </div>
  </div>
 </body>
</html>
