2217 3559
18 219 99 322 Γ*

18 1756 33 1816 Ἴ.

817 94 1250 144 SATIRARUM
1285 96 1358 146 H.
1400 98 1443 146 3.
1876 94 1966 144 137

250 172 638 228 Saturnalibus
673 173 779 228 huc
818 175 1014 242 fugisti.
1087 175 1311 229 Sobrius
1349 191 1477 242 ergo
1941 190 1966 229 5

252 248 362 303 Dic
397 250 606 317 aliquid
641 250 866 317 dignum
901 251 1206 319 promissis:
1243 251 1436 318 incipe.
1510 250 1603 303 Nil
1640 249 1754 306 est:

251 324 563 392 Culpantur
596 326 802 379 frustra
836 327 1039 392 calami,
1075 327 1489 393 immeritusque
1526 325 1739 379 laborat

247 399 426 453 Iratis
462 406 620 455 natus
653 402 834 470 paries
870 402 954 454 dis
989 406 1158 470 atque
1194 402 1387 469 poetis·

249 476 435 543 Atqui
474 477 656 530 vultus
694 480 815 531 erat
850 477 1023 530 multa
1058 481 1117 531 et
1152 476 1429 544 praeclara
1465 476 1720 530 minantis

247 551 312 603 Si
353 568 580 605 vacuum
616 554 806 621 tepido
840 553 1076 620 cepisset
1112 553 1297 607 villula
1332 556 1494 605 tect0.
1922 566 1967 607 ιο

249 626 529 689 Quorsum
563 628 828 696 pert-inuit
864 628 1068 696 stipare
1107 629 1336 681 Platona
1373 627 1692 692 MenandrO,

249 700 506 769 Eupolin,
546 703 948 770 Archilochum,
985 705 1214 757 comites
1251 704 1484 757 educere
1520 704 1743 757 tantos?

252 778 528 831 Invidiam
564 779 779 847 placare
814 796 973 848 paras
1009 780 1214 833 virtute
1251 780 1441 833 relicta
1458 782 1478 832 ’ἒ

249 853 618 908 Contemnere
655 856 848 917 miser;
884 856 1106 909 vitanda
1143 861 1230 909 est
1264 856 1512 924 improba
1550 854 1705 908 Siren

248 927 497 996 Desidia,
534 934 630 984 aut
668 930 939 999 quidquid
976 932 1089 985 vita
1125 932 1349 986 meliore
1384 931 1590 999 parasti
1921 945 1965 985 15

249 1003 575 1058 Ponendum
611 1023 785 1074 aequo
821 1008 1041 1062 anim0.’'
1090 1009 1119 1035 “
1137 1008 1208 1061 Di
1244 1014 1317 1075 te,
1345 1007 1691 1074 Damasippo,
1715 1005 1960 1076 deaeque

248 1080 465 1134 Verum
501 1080 571 1135 ob
607 1083 887 1136 consilium
927 1084 1133 1138 donent
1167 1088 1401 1138 tonsore.
1473 1083 1586 1136 Sed
1621 1083 1770 1136 unde

248 1156 385 1210 Tam
410 1158 551 1211 bene
576 1175 665 1211 me
688 1160 833 1213 nosti
854 1160 901 1214 2⁹²
948 1160 1290 1229 “Postquam
1316 1160 1489 1212 omnis
1509 1175 1597 1212 res
1615 1175 1739 1213 mea
1756 1159 1794 1213 J
1796 1177 1960 1214 anum

248 1233 345 1286 Ad
384 1234 625 1287 medium
658 1235 833 1289 fracta
867 1239 953 1289 est
986 1235 1163 1289 aliena
1197 1236 1417 1302 negotia
1451 1252 1595 1303 cur0,

247 1310 530 1363 Excussus
565 1312 816 1380 propriis,
889 1311 1030 1365 Olim
1069 1328 1195 1363 nam
1232 1327 1496 1378 quaerere
1532 1311 1797 1377 amabam,
1913 1327 1961 1365 sc

246 1385 372 1449 Quo
408 1387 562 1440 vafer
595 1387 687 1440 ille
720 1388 890 1456 pedes
923 1387 1147 1441 lavisset
1185 1387 1443 1454 Sisyphus
1478 1403 1618 1453 aere,

247 1462 398 1527 Quid
435 1464 705 1532 sculptum
742 1463 965 1530 infabre,
1003 1463 1139 1531 quid
1174 1464 1354 1516 fusum
1391 1462 1581 1515 durius
1616 1466 1761 1517 esset

246 1538 498 1592 Callidus
531 1540 657 1593 huic
693 1541 847 1607 signo
882 1539 1149 1607 ponebam
1185 1539 1354 1591 millia
1389 1542 1635 1604 centum3

247 1613 460 1669 Hortos
500 1616 856 1684 egregiasque
893 1615 1083 1668 domos
1122 1615 1417 1668 mercarier
1453 1632 1589 1667 unus

246 1690 388 1745 Cum
427 1691 574 1745 lucro
608 1708 825 1757 noramg
861 1692 1008 1744 unde
1044 1692 1353 1759 frequentia
1391 1690 1719 1745 Mercuriale
1910 1709 1959 1749 2⁵

247 1766 571 1835 Imposuere
605 1766 739 1819 mihi
774 1784 1072 1834 cognomen
1111 1766 1385 1835 compita?
1461 1766 1492 1793 “
1508 1766 1665 1833 Novi,

246 1842 323 1896 Et
359 1844 526 1896 miror
561 1843 736 1895 morbi
771 1846 1065 1911 purgatum
1100 1847 1158 1897 te
1194 1843 1352 1897 illius,
1424 1842 1598 1911 Atqui

246 1917 469 1972 Emovit
500 1921 744 1972 veterem
780 1920 915 1973 mire
951 1936 1137 1986 noxum,
1177 1923 1240 1972 ut
1277 1919 1417 1972 solet
1450 1919 1508 1971 in
1544 1934 1637 1971 cor

246 1994 500 2063 Trajecto
536 1995 721 2049 lateris
756 1996 939 2048 miseri
975 1995 1234 2063 capitisve
1270 1995 1470 2060 dolore,

244 2070 330 2125 Ut
365 2070 696 2139 lethargicus
729 2071 818 2124 hic
853 2088 974 2124 cum
1011 2072 1076 2125 fit
1111 2071 1261 2139 pugil
1298 2075 1356 2125 et
1390 2070 1661 2123 medicum
1697 2075 1870 2139 urget.
1905 2088 1952 2127 20

245 2147 397 2201 Dum
422 2163 493 2200 ne
517 2146 651 2215 quid
675 2147 849 2200 simile
874 2147 998 2200 huic
1024 2152 1143 2200 esto
1168 2151 1231 2199 ut
1254 2146 1435 2200 libet.''
1494 2146 1582 2199 “O
1620 2147 1776 2215 bone,
1800 2164 1869 2201 ne
1893 2153 1951 2202 te

245 2222 576 2288 Frustrere3
609 2223 812 2275 insanis
849 2227 907 2276 et
940 2227 1005 2277 tu
1041 2223 1304 2290 stultique
1338 2239 1505 2290 prope
1541 2239 1743 2292 omnOS,

246 2300 305 2353 Si
343 2299 480 2368 quid
516 2298 810 2353 Stertinius
846 2300 962 2352 veri
997 2303 1198 2367 crepat,
1236 2298 1382 2351 unde
1418 2315 1517 2365 ego
1553 2299 1692 2352 mira

246 2374 524 2443 Descripsi
562 2373 748 2427 docilis
783 2377 1076 2442 praecepta
1112 2374 1259 2439 haec,
1296 2378 1546 2440 tempore
1583 2389 1689 2440 quo
1725 2392 1814 2429 me

245 2451 465 2504 Solatus
495 2450 664 2517 jussit
700 2451 1002 2519 sapientem
1038 2465 1263 2517 pascere
1299 2448 1527 2501 barbam
1907 2468 1951 2506 ³5

244 2529 439 2595 Atque
474 2543 508 2579 a
544 2525 792 2579 Fabricio
826 2542 934 2579 non
970 2525 1188 2579 tristem
1226 2527 1393 2591 ponte
1427 2525 1647 2579 reverti.

243 2602 390 2656 Nam
426 2602 567 2656 male
601 2620 662 2656 re
697 2608 853 2671 gesta
888 2618 1010 2656 cum
1047 2600 1242 2654 vellem
1278 2600 1498 2653 mittere
1536 2603 1725 2667 operto

243 2675 340 2731 Me
377 2678 557 2745 capite
593 2677 650 2729 in
685 2677 898 2741 flumen,
934 2676 1137 2730 dexter
1174 2675 1333 2729 stetit
1368 2678 1442 2742 et,
1482 2676 1625 2728 Cave
1661 2676 1801 2729 faxis

243 2752 321 2807 Te
357 2752 657 2821 quidquam
692 2753 1008 2822 indignum3
1044 2753 1236 2821 pudor,
1262 2751 1455 2820 inquit,
1480 2754 1538 2804 te
1572 2751 1745 2805 malus
1781 2752 1947 2821 angit,

245 2829 472 2882 Insanos
509 2829 602 2896 qui
637 2828 780 2881 inter
815 2845 1036 2882 vereare
1070 2830 1290 2882 insanus
1327 2827 1529 2882 haberi.
1901 2844 1947 2882 ιο

244 2904 488 2957 Primum
513 2919 641 2957 nam
663 2904 933 2971 inquiram
958 2904 1091 2973 quid
1120 2906 1190 2958 sit
1213 2905 1428 2958 furere:
1467 2905 1568 2958 hoc
1606 2903 1654 2957 si
1676 2903 1785 2958 erit
1808 2903 1867 2958 in
1892 2907 1948 2957 to

243 2980 370 3033 Solo
405 2979 483 3031 nil
518 2979 671 3033 verbi
705 2995 899 3048 pereas
936 2980 1068 3048 quin
1104 2981 1324 3033 fortiter
1360 2980 1578 3034 addam.

243 3055 419 3119 Quem
454 3054 599 3107 mala
634 3054 869 3108 stultitia
903 3058 963 3108 et
998 3071 1373 3124 quemcunque
1408 3056 1625 3109 inscitia
1658 3055 1776 3109 veri

243 3130 478 3184 Caecum
515 3130 644 3197 agit,
680 3129 929 3183 insanum
968 3131 1255 3198 Chrysippi
1290 3130 1531 3197 porticus
1567 3135 1625 3184 et
1660 3147 1797 3198 grex
