2217 3559
313 120 374 168 54

863 121 1170 171 HORATII
1206 123 1469 172 FLACCI

587 198 915 267 Nuptiarum
955 219 1152 270 expers
1190 207 1249 256 et
1284 202 1464 255 adhuc
1499 208 1761 271 protervo

655 277 729 330 01
730 276 840 330 uda
874 278 1087 332 marito,

587 350 670 404 Tu
703 355 863 420 potes
899 353 1072 420 tigres
1111 353 1454 422 comitesque
1490 353 1655 408 silvas

586 427 804 480 Ducere
840 431 900 481 et
934 428 1079 480 rivos
1116 429 1323 480 celeres
1358 428 1597 493 morari;

587 502 767 555 Cessit
805 502 1055 555 immanis
1092 502 1197 556 tibi
1232 502 1540 556 blandienti

655 578 692 630 J
696 578 875 631 amtor
910 579 1066 631 aulae

587 653 876 719 Cerberus»,
914 652 1163 720 quamvis
1198 651 1396 705 furiale
1432 657 1652 707 centum

588 729 843 781 Muniant
880 745 1084 796 angues
1122 732 1287 795 caput
1324 727 1442 795 ejus
1479 733 1647 797 atquo

589 804 826 873 Spiritus
863 807 1011 857 teter
1047 802 1336 871 saniesque
1373 807 1565 856 manet

658 879 768 932 Orc
804 879 1069 946 trilingui.

589 954 729 1018 Quin
768 960 825 1009 et
866 956 1024 1007 Ixion
1061 955 1356 1022 Tityosque
1393 954 1549 1007 vultu

589 1031 736 1084 Risit
770 1031 957 1095 invit0‚
997 1031 1156 1083 stetit
1191 1047 1332 1082 urna
1366 1030 1606 1097 paullum

587 1106 742 1160 Sicca
777 1106 910 1159 dum
944 1110 1104 1173 grato
1142 1105 1318 1158 Danai
1356 1105 1564 1174 puellas

657 1182 908 1235 Carmine
944 1181 1164 1234 mulces,

589 1258 803 1312 Audiat
842 1256 992 1325 Lyde
1030 1257 1204 1308 scelus
1240 1259 1409 1324 atque
1444 1259 1603 1308 notas

587 1334 878 1400 virginum
913 1350 1117 1401 poenas
1156 1335 1214 1385 et
1250 1331 1413 1384 inane
1448 1331 1700 1400 lymphae

589 1408 807 1462 Dolium
843 1409 1011 1462 fundo
1047 1407 1329 1478 pereuntis
1364 1407 1488 1473 im0‚

659 1484 901 1553 Seraque
936 1485 1054 1538 fata

590 1560 742 1624 Quae
776 1565 1001 1613 manent
1037 1560 1224 1626 culpas
1261 1559 1428 1613 etiam
1466 1557 1567 1617 sub
1606 1559 1761 1611 Orco,

591 1635 1008 1705 Impiae‚—na1n
1046 1635 1180 1703 quid
1218 1639 1450 1702 potuere
1487 1633 1664 1701 majus
1676 1635 1768 1686 ¹1—-

593 1711 806 1781 Impiae
844 1728 1067 1780 sponsos
1102 1716 1334 1779 potuere
1372 1709 1511 1762 duro

660 1788 903 1841 Perdere
940 1788 1113 1840 ferro!

588 1864 717 1918 Una
752 1864 823 1917 do
859 1864 1046 1916 multis
1082 1864 1199 1916 face
1235 1862 1468 1930 nuptiali

591 1940 772 2007 Digna
808 1939 922 2008 pcrj
931 1955 1089 1991 urum
1124 1938 1231 1991 fuit
1266 1939 1322 1991 in
1359 1940 1645 2006 parentem

591 2016 887 2083 Splendida
922 2014 1158 2066 mendax
1195 2018 1253 2067 et
1288 2014 1343 2065 in
1382 2030 1542 2066 omne
1576 2014 1734 2080 virgo

663 2091 874 2143 Nobilis
911 2106 1121 2155 aevum,

592 2166 859 2234 “Surge‚”
897 2182 1039 2233 quac
1075 2164 1217 2217 dixit
1243 2164 1435 2231 juveni
1472 2164 1683 2230 maritO,

593 2242 827 2309 “Sul-ge,
863 2258 934 2294 nc-
969 2241 1162 2307 longus
1198 2239 1300 2293 tibi
1339 2256 1560 2293 somnus
1598 2238 1744 2291 unde

591 2316 715 2370 Non
752 2318 915 2371 times
951 2316 1147 2380 ‹ictui-3
1183 2330 1430 2369 socerum
1465 2318 1523 2368 et
1558 2315 1816 2368 scelestas

665 2390 812 2443 Fallc
849 2407 1076 2457 sorores.

593 2466 743 2530 Quae
782 2467 928 2519 velut
962 2469 1156 2519 nactae
1194 2464 1391 2518 vitulos
1426 2463 1650 2518 leaenae

593 2542 845 2608 Singulos
880 2542 1021 2594 eheu
1055 2541 1326 2595 lacerant:
1364 2557 1467 2608 ego
1501 2539 1608 2592 illis

592 2615 943 2670 Molliormec
978 2620 1036 2669 te
1073 2616 1266 2669 feriam
1306 2632 1483 2685 neque
1523 2614 1666 2669 intra

664 2692 915 2744 Claustra
950 2692 1162 2745 tenebo,

594 2766 688 2819 Me
723 2771 885 2834 pater
919 2766 1092 2819 saevis
1128 2771 1319 2819 oneret
1356 2765 1562 2818 catenis

596 2842 756 2905 Quod
792 2841 907 2894 viro
944 2842 1179 2894 clemens
1214 2843 1411 2895 misero
1446 2840 1697 2909 βαρεῖ-οἱς

595 2917 689 2970 Me
725 2917 811 2970 vel
850 2919 1125 2969 extremos
1163 2916 1528 2969 Numidarum
1565 2916 1617 2966 in
1656 2928 1813 2983 agros

665 2992 850 3044 Classe
887 2992 1107 3055 releget.

597 3063 627 3117 1
663 3066 831 3130 pedes
868 3080 975 3130 quo
1011 3071 1069 3115 te
1104 3064 1326 3130 rapiunt
1361 3068 1419 3116 et
1454 3080 1620 3116 aurae

597 3138 744 3191 Dum
778 3138 925 3189 favet
960 3152 1066 3188 nox
1102 3141 1161 3190 et
1198 3137 1398 3198 Venus,
1434 3139 1453 3190 i
1490 3139 1730 3192 secundo

2011 521 2054 560 15

1978 2030 2022 2067 35

1975 2419 2015 2456 lo

1972 2785 2011 2822 25
