2217 3559
0 1644 43 1693 κέ)

28 3378 45 3407 Β,

883 133 1174 182 EPODON
1210 134 1442 193 LIBER,
1484 138 1526 187 θ.
1990 135 2052 182 93

553 211 733 269 Maius
767 212 988 280 parab0‚
1023 213 1198 265 maius
1233 213 1515 266 infundam
1551 212 1653 267 tibi

622 287 949 341 Fastidieuti
984 288 1253 356 poculum,
1347 316 1350 319 ·

553 361 820 431 Priusque
856 363 1064 416 caelum
1101 364 1246 416 sidet
1280 363 1507 416 inferius
1541 364 1695 432 mari,

620 438 836 491 Tellure
871 441 1124 507 porrecta
1159 455 1336 507 super,
2000 460 2051 496 s)

550 513 726 579 Quam
760 530 868 566 non
906 529 1090 566 amore
1128 514 1206 566 sic
1240 530 1362 566 mco
1399 514 1596 582 flagres
1629 512 1715 567 uti

617 588 874 642 Bitumcn
911 588 1046 641 atris
1079 587 1342 654 ignibus.’'

549 664 665 719 Sub
701 663 837 717 haec
873 680 1015 732 puer
1040 663 1160 731 jani
1195 680 1304 716 non
1337 667 1404 717 nt
1437 667 1567 718 autc
1601 665 1856 721 monibus

616 739 814 793 Lenire
851 738 1032 793 verbis
1065 738 1276 806 impiam,

546 814 658 869 Sed
692 815 893 868 dubius
927 814 1075 867 unde
1109 817 1393 881 rumperet
1427 815 1699 868 silentium
2007 835 2056 874 15

616 891 770 943 Misit
806 889 1100 957 Thyesteas
1135 905 1359 956 preces:

507 965 786 1031 '‘Venena‚
823 981 1080 1031 magnum
1115 964 1198 1016 fas
1233 963 1510 1032 nefasque,
1547 981 1654 1016 nen
1690 965 1873 1021 valent

614 1040 949 1094 Convertere
984 1039 1275 1092 humanam
1311 1039 1515 1104 vicem3

546 1116 694 1169 Diris
728 1132 888 1182 again
922 1132 1052 1180 vos3
1088 1115 1212 1168 dira
1246 1114 1542 1168 detestatio

612 1191 664 1244 N
668 1191 779 1244 ulla
814 1190 1070 1259 expiatur
1104 1190 1339 1244 victima.
2007 1205 2057 1245 ⁹0

547 1265 690 1330 Quin
725 1265 821 1319 ubi
857 1265 1039 1333 perire
1064 1264 1257 1332 jussus
1292 1265 1641 1333 exspiravere

614 1342 929 1395 Nocturnus
964 1356 1242 1393 occurram
1279 1340 1457 1394 Furor

547 1416 850 1485 Petamque
885 1416 1070 1469 vultus
1102 1416 1300 1469 umbra
1332 1417 1510 1469 curvis
1545 1416 1834 1487 unguibus,

614 1493 765 1557 Quae
800 1492 883 1544 vis
920 1491 1150 1544 deorum
1186 1495 1274 1544 est
1306 1492 1561 1559 manium,

545 1569 617 1621 Et
651 1569 911 1637 inquietis
946 1567 1194 1620 assidens
1228 1567 1561 1635 praecordiis
1995 1585 2044 1625 9⁵

614 1645 819 1697 Pavore
856 1660 1071 1695 somnos
1105 1642 1364 1697 auferam.

544 1720 657 1774 Vos
693 1720 858 1773 turba
893 1718 1114 1772 vicatim
1150 1718 1276 1771 hine
1310 1721 1369 1771 ct
1401 1717 1529 1771 hinc
1567 1719 1713 1772 saxis
1748 1723 1944 1788 petens

613 1795 929 1848 Contundet
965 1793 1260 1847 obscoenas
1293 1810 1464 1855 anus;

543 1870 677 1924 Post
711 1869 985 1939 insepulta
1018 1868 1269 1922 membra
1304 1868 1562 1921 different
1596 1868 1709 1936 lupi

610 1945 684 1999 Et
721 1945 1034 2013 Esquilinae
1068 1944 1262 2006 alites;
1977 1961 2044 2000 ιοο

539 2020 735 2087 Neque
771 2019 872 2073 hoc
906 2023 1165 2087 parentes
1200 2019 1310 2072 heu
1344 2019 1476 2071 mihi
1511 2018 1835 2088 superstites

611 2096 883 2164 Effugcrit
919 2093 1338 2162 spectaculum?

1150 2240 1252 2292 VI.

504 2324 688 2390 ‘Quin
723 2325 1076 2378 immerentes
1111 2322 1354 2390 hospites
1389 2337 1554 2375 vexas
1587 2321 1735 2377 canis

610 2402 848 2467 Ignavus
883 2399 1174 2456 adversum
1210 2398 1402 2465 lupos?

538 2476 681 2540 Quin
716 2474 822 2527 hue
855 2474 1058 2538 inanes,
1095 2474 1143 2526 si
1178 2477 1349 2542 potes,
1383 2472 1552 2526 vertis
1585 2473 1763 2525 minas

606 2552 681 2605 Et
716 2567 804 2604 me
838 2565 1210 2602 remorsurum
1245 2549 1427 2617 petis?

537 2628 588 2681 N
592 2643 681 2679 am
717 2625 891 2694 qualis
926 2628 1024 2678 aut
1060 2624 1328 2677 Molossus
1362 2626 1461 2676 aut
1492 2622 1675 2675 fulvus
1712 2621 1905 2690 Lacon,
2016 2642 2043 2679 5

610 2702 803 2754 Amica
837 2700 919 2753 vis
953 2701 1281 2769 pastoribus,

538 2779 718 2845 Agam
752 2793 854 2845 per
887 2776 1027 2830 altas
1062 2793 1193 2829 aure
1229 2774 1443 2828 sublata
1476 2773 1630 2827 nives

605 2853 973 2921 Quaecunque
1008 2849 1303 2918 praecedet
1337 2849 1488 2903 fera:

533 2928 617 2982 Tu
652 2945 776 2981 cum
810 2925 1060 2980 timenda
1094 2942 1226 2978 voce
1262 2923 1546 2992 complesti
1582 2939 1776 2976 nemus

609 3002 924 3070 Projectum
961 3001 1208 3053 odoraris
1245 2999 1442 3053 cibum.
1997 3014 2041 3054 ιο

535 3078 697 3143 Cave,
736 3092 896 3130 cave:
934 3092 1172 3144 namque
1208 3077 1265 3129 iu
1298 3074 1468 3128 malos
1502 3074 1836 3143 asperrimus

603 3153 808 3208 Parata
842 3151 975 3206 tollo
1010 3168 1229 3221 cornua,
