2217 3559
290 108 380 156 168
838 105 1145 155 HORATII
1181 106 1441 156 FLACCI

287 185 705 253 Designatorem
743 184 966 239 decorat
1000 185 1283 240 lictoribus
1319 188 1473 254 atris,

286 260 432 314 Dum
468 262 656 330 pueris
689 263 862 315 omnis
897 267 1058 330 pater
1093 267 1152 316 et
1192 257 1509 317 matercula‘
1525 264 1710 334 fallet,
2113 0 2157 248 1

287 336 645 405 officiosaque
683 337 947 390 sedulitas
983 341 1041 390 et
1079 337 1258 405 opella
1292 338 1524 392 forensis

289 412 534 466 Adducit
569 412 753 465 febres
790 417 849 466 et
882 416 1215 466 testamenta
1250 414 1513 480 resignat.

289 489 494 553 Quodsi
530 487 723 541 bruma
757 489 909 541 nives
948 489 1180 541 Albanis
1213 489 1392 543 illinet
1428 491 1589 557 agriS,
1957 506 1997 547 ιο

291 563 384 616 Ad
417 580 568 617 mare
606 563 906 616 descendet
940 568 1095 616 vates
1131 567 1260 616 tuus
1298 569 1357 617 et
1394 564 1500 618 sibi
1536 569 1718 633 parcet

288 639 720 707 Contractusque
756 639 934 707 leget;
967 643 1040 706 te,
1076 639 1251 692 dulcis
1287 639 1475 705 amice,
1514 642 1711 695 reviset

1946 882 1983 920 15
2093 257 2159 3251 ³

2100 3237 2114 3281 ὦ

2097 3291 2144 3519 ἲ

288 715 425 768 Cum
462 715 738 783 Zephyris,
775 716 821 767 si
858 715 1136 779 concedes⁷
1173 719 1231 767 et
1266 715 1559 769 hirundine
1593 716 1779 785 prima.

288 790 337 844 N
343 808 410 843 on
449 807 557 858 quo
592 807 741 843 more
778 790 913 860 piris
949 791 1094 843 vesci
1134 789 1367 843 Calaber
1385 790 1555 859 jubet
1588 792 1780 861 hospes

287 867 367 919 Tu
402 883 490 920 me
523 865 702 919 fecisti
738 865 1079 934 locupletem.
1153 865 1435 919 “Vescere
1472 868 1676 920 sodes.''

287 942 362 994 “J
366 958 454 995 am
478 942 611 995 satis
635 942 764 995 est.’'
814 943 933 994 “At
955 945 1020 994 tu
1045 945 1310 1009 quantum
1329 941 1412 994 vis
1436 942 1618 996 tolle.''
1659 942 1982 1010 “Bexfigmss’

286 1017 373 1069 “N
379 1033 448 1070 on
484 1017 658 1069 invisa
691 1018 838 1069 feres
873 1017 1059 1085 pueris
1095 1016 1414 1070 munuscula
1448 1019 1679 1086 parvis.''

286 1093 457 1146 “Tam
493 1098 685 1146 teneor
723 1091 882 1160 done,
917 1109 1080 1161 quam
1119 1092 1166 1144 si
1202 1092 1453 1146 dimittar
1488 1095 1758 1148 onustus.''

286 1169 407 1222 “Ut
440 1168 605 1234 libet3
642 1167 778 1221 haec
812 1168 990 1236 porcis
1024 1166 1190 1220 hodie
1226 1167 1568 1222 comedenda
1603 1171 1912 1240 relinques.”

287 1244 557 1312 Prodigus
594 1247 651 1296 et
688 1243 891 1297 stultus
928 1243 1097 1296 donat
1136 1259 1277 1310 quae
1314 1244 1527 1311 spernit
1562 1250 1620 1299 et
1660 1246 1801 1310 odit3
1932 1261 1972 1299 a)

287 1320 440 1373 Haec
476 1336 631 1387 seges
665 1320 910 1387 ingratos
944 1318 1077 1371 tulit
1112 1323 1170 1371 et
1205 1319 1348 1372 feret
1383 1319 1635 1373 omnibus
1670 1323 1830 1375 annis.

285 1395 388 1448 Vir
423 1394 595 1448 bonus
635 1398 694 1448 et
730 1394 949 1462 sapiens
984 1393 1164 1461 dignis
1201 1394 1282 1446 ait
1318 1410 1438 1447 esse
1471 1401 1711 1464 paratus,

284 1470 336 1523 N
341 1487 403 1524 ee
438 1476 623 1524 tamen
661 1470 878 1537 ignorat
914 1469 1049 1538 quid
1085 1469 1295 1522 distent
1330 1486 1459 1522 aera
1492 1470 1716 1539 lupinis:

287 1547 525 1614 Dignum
561 1545 854 1615 praestabo
888 1562 978 1598 me
1014 1545 1184 1598 etiam
1217 1562 1319 1613 pro
1356 1544 1519 1600 laude
1555 1548 1821 1602 merentis.

285 1621 494 1685 Quodsi
529 1639 618 1674 me
653 1621 805 1674 noles
841 1636 1071 1689 usquam
1111 1620 1409 1687 discedere,
1446 1621 1651 1676 reddes
1917 1636 1962 1675 25

286 1697 453 1752 Forte
486 1697 646 1764 latus⁷
682 1698 867 1765 nigros
903 1699 1136 1764 angusta
1170 1696 1351 1750 fronte
1386 1696 1623 1765 capillos,

287 1773 508 1828 Reddes
547 1774 706 1827 dulce
742 1773 907 1842 loqui,
945 1771 1149 1825 reddes
1183 1771 1368 1825 ridere
1404 1772 1676 1841 decorum,
1711 1778 1768 1829 et

288 1850 444 1904 Inter
479 1849 604 1903 vina
639 1850 825 1917 fugam
865 1848 1098 1901 Cinarae
1135 1863 1382 1900 maerere
1416 1852 1723 1915 protervae.

287 1925 453 1980 Forte
486 1942 587 1994 per
624 1928 911 1992 angustam
947 1924 1128 1977 tenuis
1163 1923 1447 1991 vulpecula
1482 1925 1677 1978 rimam

286 2001 559 2070 Repserat
593 2002 648 2053 in
684 2015 958 2053 cumeram
993 1999 1269 2065 frumenti,
1307 2003 1574 2068 pastaque
1616 2018 1798 2055 rursus
1916 2016 1954 2055 ³⁰

287 2077 379 2130 Ire
414 2077 558 2130 foras
592 2076 753 2145 pleno
790 2074 1055 2129 tendebat
1092 2091 1316 2142 corpore
1351 2074 1558 2129 frustra
1573 2097 1586 2140 ;

286 2152 388 2206 Cui
424 2152 659 2205 mustela
693 2151 895 2219 procul,
934 2150 965 2176 “
981 2149 1040 2203 Si
1074 2149 1204 2215 vis,''
1242 2149 1336 2216 ait,
1375 2150 1662 2218 “effugere
1695 2151 1856 2216 istinc,

286 2228 473 2281 Macra
508 2244 699 2280 cavum
735 2231 953 2293 repetes
989 2229 1171 2278 artum
1208 2240 1371 2291 quem
1407 2242 1589 2278 macra
1624 2226 1851 2281 subisti.'’

289 2303 408 2356 Hac
444 2319 545 2370 ego
581 2304 625 2355 si
662 2302 955 2369 compellor
989 2300 1225 2367 imagine
1262 2304 1457 2354 cuncta
1490 2301 1735 2369 resign03

286 2379 335 2431 N
341 2396 403 2432 ee
438 2395 684 2431 somnum
718 2376 895 2445 pleb²s
929 2377 1092 2430 laudo
1130 2379 1283 2428 satur
1318 2375 1566 2444 altilium,
1602 2393 1706 2432 nee
1915 2394 1952 2434 35

287 2454 414 2508 Otia
449 2454 653 2508 divitiis
694 2453 940 2507 Arabum
974 2450 1258 2505 liberrima
1291 2456 1457 2505 mute.

287 2529 459 2598 Saepe
493 2528 859 2582 verecundum
894 2527 1147 2592 laudasti,
1183 2543 1393 2595 rexque
1428 2532 1699 2596 paterque

288 2605 513 2659 Audisti
550 2621 745 2670 coram,
782 2620 882 2657 noc
917 2602 1083 2656 verbo
1120 2603 1336 2670 parcius
1371 2602 1595 2657 absens:

288 2681 506 2749 Inspice
537 2681 583 2733 si
619 2696 839 2749 possum
876 2679 1080 2731 donat-1
1117 2694 1384 2744 reponere
1420 2678 1609 2732 laetus
1966 2710 1971 2716 ·

287 2756 455 2809 Haud
490 2756 629 2809 male
667 2754 1032 2817 Telemachus
1068 2753 1248 2821 proles
1284 2753 1543 2821 patientis
1580 2753 1783 2809 Ulixei:
1907 2772 1944 2809 ιο

287 2834 317 2859 ‘⁴
332 2833 383 2885 N
386 2849 455 2885 on
493 2837 579 2886 est
615 2835 776 2899 aptus
811 2830 967 2897 equis
1005 2829 1199 2881 ithace
1235 2828 1398 2895 locus,
1436 2833 1500 2882 ut
1533 2845 1710 2897 neque
1743 2831 1892 2898 planis

287 2908 577 2961 Porrectus
614 2906 803 2972 spatiis
837 2920 936 2956 uec
972 2903 1176 2955 multae
1211 2903 1474 2970 prodigus
1510 2905 1739 2971 herbae3

287 2982 503 3047 Atride,
539 2981 714 3047 magis
747 2983 877 3046 apta
912 2977 1015 3030 tibi
1051 2981 1148 3030 tua
1185 2977 1328 3029 dona
1363 2978 1709 3046 relinquam.''

287 3047 522 3108 Parvum
559 3070 729 3121 parva
765 3053 990 3115 decent;
1026 3051 1161 3103 mihi
1187 3050 1308 3117 jam
1346 3068 1453 3104 non
1490 3055 1645 3120 regia
1682 3054 1841 3123 Roma,

231 3181 235 3185 ,
287 3123 397 3182 Sed
432 3143 657 3180 vacuum
695 3126 864 3178 Tibur
897 3126 1077 3191 placet
1112 3130 1209 3177 aut
1243 3126 1465 3179 imbelle
1504 3128 1799 3187 Tarentmu.
1898 3149 1936 3192 ιι
