2217 3559
292 99 383 144 192
838 96 1148 146 HORATII
1185 99 1323 145 FLA
1331 99 1446 148 CCI

288 176 497 244 Virtus,
533 175 756 244 indigno
792 194 898 229 non
935 178 1329 231 committenda
1360 185 1572 247 poetae.

285 253 489 306 Gratus
529 253 845 306 Alexandro
882 254 1003 320 regi
1041 254 1244 320 Magno
1280 255 1389 308 fuit
1425 256 1518 309 illc

285 328 583 395 Clioerilu8‚
619 328 838 381 incultis
874 328 969 396 qui
1006 329 1254 381 versibus
1290 334 1351 383 et
1386 332 1529 384 malo
1563 336 1694 387 natis

287 403 525 458 Rettulit
560 409 826 471 accept08‚
863 404 1049 471 regale
1082 404 1364 471 nomisma,
1405 406 1688 476 Philippcs

286 479 397 532 Sed
431 479 599 533 veluti
636 483 875 532 tractata
910 485 1095 532 notam
1133 479 1425 548 labemque
1461 485 1736 537 remittunt
1876 498 1934 534 Ἥ

287 557 630 623 Ati-amenta,
667 555 784 608 fere‘
822 556 1119 623 scriptores
1154 557 1394 610 carmine
1430 558 1591 611 foedo

285 631 585 698 Splendida
620 632 763 684 facta
796 630 989 685 linunt.
1063 630 1224 684 Idem
1260 649 1356 685 rex
1394 633 1486 686 ille
1523 639 1709 701 poena

286 706 391 770 Qui
426 711 540 760 tam
575 707 865 760 ridiculum
903 712 1016 759 tam
1053 723 1180 759 carc
1216 708 1478 776 prodigus
1515 712 1659 777 emit,

286 782 480 836 Edicto
515 784 692 837 vetuit
727 800 796 835 ne
834 783 955 850 quis
992 799 1051 835 se
1087 786 1312 850 praeter
1348 784 1583 851 Apellen

286 858 560 926 Pingeret,
599 862 696 911 aut
731 858 871 911 alius
909 857 1148 927 Lysippo
1186 859 1414 912 duceret
1449 876 1581 913 aera
1897 875 1956 912 24⁰

286 933 467 987 Fortis
508 933 810 987 Alexandri
847 933 1058 986 vultum
1096 934 1421 988 simulantia.
1496 936 1698 1000 Quodsi

282 1009 567 1063 Judicium
605 1008 809 1062 subtile
845 1007 1097 1062 videndis
1134 1009 1344 1062 artibus
1379 1011 1517 1064 illud

286 1086 379 1139 Ad
413 1085 583 1139 libros
618 1088 677 1138 et
714 1085 786 1137 ad
821 1084 956 1138 haec
993 1085 1279 1138 Musarum
1316 1086 1457 1139 dona
1493 1103 1721 1154 vocares

285 1160 551 1215 Boeotum
586 1161 642 1213 in
681 1177 862 1213 crasso
890 1161 1111 1227 jurares
1148 1166 1275 1214 aere
1311 1167 1515 1215 natum.

285 1239 366 1290 At
401 1255 578 1306 neque
615 1237 947 1290 dedecorant
983 1241 1082 1290 tua
1119 1237 1190 1290 de
1226 1253 1287 1290 se
1314 1236 1528 1304 judicia
1563 1242 1728 1307 atque
1904 1249 1964 1289 245

284 1314 528 1378 Munera,
565 1330 706 1381 quae
743 1314 915 1365 multa
951 1312 1134 1366 dantis
1171 1329 1291 1366 cum
1329 1314 1493 1366 laude
1530 1315 1772 1367 tulerunt

284 1389 484 1443 Dilecti
521 1389 623 1441 tibi
663 1388 927 1454 Virgilius
968 1388 1275 1456 Variusque
1301 1394 1524 1457 poetam

285 1465 333 1518 N
341 1482 402 1518 ec
439 1465 611 1532 magis
647 1464 889 1532 expressi
926 1464 1109 1518 vultus
1145 1480 1245 1532 per
1281 1469 1450 1518 aenea
1488 1466 1657 1533 signa,

286 1541 461 1605 Quam
499 1558 603 1610 pcr
638 1540 778 1593 vatis
813 1556 949 1608 opus
984 1556 1163 1593 mores
1199 1540 1475 1608 animique
1510 1543 1748 1595 virorum

286 1617 566 1670 Clarorum
603 1620 884 1684 apparent.
958 1615 1075 1669 Nec
1112 1632 1389 1669 sermones
1425 1633 1525 1685 ego
1561 1617 1777 1670 mallem
1908 1631 1968 1669 250

286 1694 565 1761 Repentes
600 1708 701 1760 per
737 1691 960 1744 humum
998 1708 1162 1759 quam
1198 1709 1289 1745 res
1327 1710 1650 1761 componere
1686 1696 1875 1761 gestas,

285 1769 684 1836 Terrarumque
722 1769 857 1821 situs
895 1773 953 1821 et
989 1767 1213 1820 flumina
1250 1768 1446 1835 dicere,
1486 1773 1545 1822 et
1578 1786 1731 1822 arces

285 1844 567 1898 Montibus
602 1844 898 1911 impositas,
937 1848 995 1896 et
1029 1842 1266 1896 barbara
1302 1861 1483 1911 regna,
1519 1847 1740 1913 tuisque

288 1921 562 1989 Auspiciis
597 1924 775 1973 totum
811 1919 1057 1972 confecta
1092 1919 1276 1973 duella
1311 1936 1411 1988 per
1445 1920 1651 1986 orbem,

286 1997 645 2063 Claustraque
681 1995 961 2048 custodem
998 1995 1146 2062 pacis
1183 1994 1490 2048 cohibentia
1524 1996 1563 2048 J
1567 2013 1742 2065 unum,
1907 2011 1967 2050 255

286 2073 359 2127 Et
392 2072 742 2125 formidatam
782 2070 1000 2122 Parthis
1037 2074 1095 2122 te
1130 2070 1378 2139 principe
1417 2070 1664 2137 Romam,

285 2149 343 2202 Si
369 2151 632 2216 quantum
656 2162 910 2214 cuperem
934 2161 1148 2212 possem
1173 2162 1417 2214 quoque3
1441 2146 1539 2199 sed
1563 2164 1740 2216 neque
1763 2165 1969 2216 parvum

288 2225 520 2277 Carmen
556 2222 814 2290 majestas
850 2221 1045 2288 recipit
1081 2226 1178 2273 tua
1215 2237 1314 2274 nec
1351 2238 1503 2275 meus
1538 2223 1707 2277 audet

286 2300 427 2354 Rem
463 2303 679 2353 tentare
713 2297 891 2365 pudor
928 2314 1091 2364 quam
1128 2298 1271 2350 vires
1306 2297 1452 2350 ferre
1488 2303 1759 2353 recusent.

286 2375 561 2428 Sedulitas
597 2378 782 2426 autem
818 2372 986 2426 stulto
1023 2388 1187 2439 quem
1224 2372 1406 2439 diligit
1439 2379 1619 2441 urget,
1895 2393 1971 2430 <aco

288 2451 583 2520 Praecipue
619 2466 741 2503 cum
779 2465 838 2502 se
875 2449 1116 2500 numeris
1151 2448 1498 2502 commendat
1533 2458 1591 2503 et
1627 2454 1774 2505 arte:

287 2528 462 2581 Discit
496 2529 641 2580 enim
678 2525 839 2579 citius
874 2524 1235 2591 meminitque
1270 2524 1530 2578 libentius
1566 2526 1703 2579 illud

287 2603 446 2668 Quod
483 2602 606 2671 quis
644 2600 875 2665 deridet,
914 2616 1077 2667 quam
1115 2598 1262 2667 quod
1296 2600 1495 2668 probat
1530 2605 1587 2654 ct
1622 2605 1918 2657 veneratur.

287 2680 379 2732 Nil
415 2694 596 2731 moror
632 2676 863 2729 officium
900 2675 1048 2761 quod
1084 2691 1174 2727 me
1209 2680 1416 2742 gravat,
1454 2693 1518 2730 ac
1552 2693 1733 2758 neque
1771 2679 1891 2732 ficto

287 2756 355 2808 In
390 2753 550 2823 pejus
586 2753 740 2804 vultu
777 2751 1003 2820 proponi
1039 2767 1230 2804 celeus
1266 2768 1510 2819 usquam,
1919 2758 1974 2797 ‘265

286 2830 335 2883 N
343 2847 404 2883 ec
439 2844 608 2897 prave
646 2827 806 2880 factis
843 2826 1089 2878 decorari
1128 2827 1374 2879 veisibus
1409 2832 1551 2896 opt0‚

285 2905 373 2958 Ne
407 2904 631 2956 rubeam
667 2902 856 2968 pingui
895 2900 1129 2952 donatus
1166 2918 1406 2968 munere,
1445 2908 1502 2956 et
1537 2920 1645 2957 una

286 2979 424 3032 Cum
461 2978 724 3042 scriptore
762 2991 897 3040 me0‚
933 2991 1096 3040 capsa
1131 2983 1411 3042 porrectus
1448 2996 1652 3046 aperta,

285 3052 519 3105 Deferar
556 3050 612 3099 in
650 3049 825 3099 vicum
863 3048 1188 3101 vendentem
1226 3052 1353 3103 thus
1388 3058 1446 3106 ct
1481 3054 1676 3106 odores

287 3126 359 3178 Et
394 3127 550 3190 piper
586 3125 644 3172 et
679 3121 947 3186 quidquid
986 3122 1189 3174 chartis
1228 3126 1480 3180 amicitur
1512 3128 1729 3195 ineptis.

2103 125 2143 254 *L*
