2217 3559
217 115 274 161 10

767 113 1070 161 HORATII
1107 112 1365 161 FLAOCI

420 192 592 247 Saeva
626 197 920 261 paupertas
955 195 1014 245 et
1047 192 1229 244 avitus
1264 194 1393 259 apto

488 268 626 322 Cum
661 268 776 320 lare
810 268 1024 321 fundus

420 344 630 398 Crescit
665 344 875 397 occulto
912 344 1063 396 velut
1097 342 1262 395 arbor
1296 358 1429 395 aevo

419 418 591 472 Fama
626 418 903 481 Marcelli3
939 418 1105 471 micat
1141 419 1288 471 inter
1327 432 1515 470 omnes

417 494 455 547 J
458 493 628 546 ulium
663 493 814 546 sidus
851 493 1001 547 velut
1035 495 1185 546 inter
1219 494 1376 562 ignes

486 568 642 622 Luna
674 569 927 623 minores,

420 643 614 697 Gentis
648 643 916 697 humanae
952 647 1112 711 pater
1145 647 1313 712 atque
1349 647 1529 696 eustos

420 719 555 772 Orte
591 719 840 785 Saturne,
878 719 980 772 tibi
1016 736 1148 771 eura
1182 719 1364 786 magni

421 795 668 848 Caesaris
703 795 831 847 fatis
866 795 1024 848 data:
1059 801 1123 847 tu
1158 795 1397 848 secundo

489 871 722 922 Caesare
758 887 968 938 regnes.

421 946 537 1011 Ille,
576 963 671 998 seu
710 945 942 999 Parthos
982 945 1139 997 Latio
1173 945 1519 998 imminentes

425 1020 618 1087 Egerit
645 1019 799 1087 juste
835 1020 1070 1073 domitos
1105 1020 1382 1087 triumpho

422 1096 549 1149 Sive
586 1095 863 1164 subjectos
900 1095 1147 1148 Orientis
1181 1112 1309 1150 orae

487 1172 647 1225 Seras
683 1176 742 1224 et
783 1171 963 1239 Indos,

421 1246 498 1300 Te
534 1247 711 1299 minor
744 1247 915 1300 latum
952 1251 1109 1314 reget
1144 1262 1350 1315 aequus
1386 1246 1602 1312 orbem3

417 1322 499 1374 Tu
533 1323 685 1389 gravi
721 1339 883 1375 curru
919 1322 1137 1391 quaties
1174 1322 1477 1391 Olympum,

416 1397 497 1451 Tu
531 1414 725 1465 parum
761 1398 926 1451 castis
960 1398 1182 1450 inimica
1215 1397 1409 1450 mittes

487 1472 736 1526 Fulmina
770 1473 921 1527 luciS.

555 1700 682 1754 Cum
718 1705 795 1766 tu,
835 1698 1020 1766 Lydia,
1057 1698 1279 1766 Telephi

485 1774 764 1831 cervicem
800 1790 1025 1840 roseam,
1062 1791 1223 1827 cerea
1258 1772 1480 1841 Telephi

552 1852 770 1903 Laudas
806 1850 1040 1915 brachia,
1076 1866 1177 1902 vae
1213 1866 1394 1902 meum

436 1983 443 1990 ,
483 1926 724 1980 Fervens
760 1924 964 1977 difficili
998 1924 1109 1978 bile
1147 1928 1326 1978 tumet
1353 1922 1525 1990 jecur.

549 2001 686 2053 Tum
721 2017 822 2053 nee
857 2016 1012 2053 mens
1045 2000 1179 2052 mihi
1214 2016 1315 2052 nee
1349 1998 1496 2051 color

483 2075 650 2130 Certa
685 2075 816 2129 sede
852 2079 1050 2142 manet,
1087 2075 1284 2128 humor
1319 2079 1377 2128 et
1412 2075 1469 2126 iu
1503 2091 1674 2142 genas

551 2152 762 2205 Furtim
798 2150 1014 2212 labitur,
1051 2168 1287 2218 arguens

484 2227 658 2291 Quam
694 2227 857 2281 lentis
891 2227 1113 2295 penitus
1148 2244 1392 2280 macerer
1427 2227 1656 2294 ignibus,

549 2303 709 2370 Uror,
748 2320 846 2377 seu
880 2302 982 2356 tibi
1019 2302 1281 2355 candidos

482 2377 791 2446 Tui-parunt
825 2379 1080 2432 humeros
1116 2377 1440 2431 inunodicae
1477 2395 1630 2432 mero

551 2454 738 2521 Rixae,
776 2455 888 2508 sive
924 2470 1062 2521 puer
1096 2454 1282 2506 furens

484 2528 775 2596 Impressit
809 2546 1106 2581 memorem
1144 2529 1313 2582 dente
1348 2529 1515 2581 labris
1548 2536 1745 2584 nolam.

548 2604 688 2671 Non,
726 2606 773 2656 si
810 2621 897 2656 me
934 2604 1067 2657 satis
1102 2604 1309 2670 audias,
1535 2669 1539 2674 ,

479 2678 680 2747 Speres
715 2684 1043 2748 perpetuum
1080 2679 1259 2732 dulcia
1294 2678 1523 2733 barbare

548 2755 882 2808 Laedentem
918 2755 1115 2820 oscula,
1152 2772 1291 2823 quae
1333 2757 1521 2808 Venus

478 2829 682 2894 Quinta
716 2835 875 2898 parte
912 2830 995 2882 sui
1031 2832 1269 2883 nectaris
1304 2831 1515 2885 imbuit.

544 2906 756 2960 Felices
791 2909 880 2959 ter
916 2910 973 2959 et
1008 2906 1240 2974 amplius

476 2980 624 3044 Quos
658 2982 871 3049 irrupta
906 2985 1064 3033 tenet
1101 2982 1307 3048 copula,
1345 2998 1446 3034 nec
1483 2982 1637 3035 malis

543 3055 802 3108 Divulsus
837 3056 1189 3124 querimoniis

476 3127 746 3199 Suprema
780 3130 941 3185 citius
978 3130 1155 3183 solvet
1189 3146 1342 3182 amor
1376 3129 1483 3186 dje.

1869 2397 1909 2433 10

1863 2772 1905 2810 15
