2217 3559
37 1627 93 1842 *v*

779 362 1442 433 EPISTOLARUM

708 599 1029 658 LIBER
1097 599 1524 660 PRIMUS.

1089 840 1135 893 I.

246 919 456 973 Pmm„
492 922 638 975 dicte
673 921 824 988 mihi,
862 938 1072 975 summa
1109 922 1338 976 dicende
1376 922 1630 989 Camena,

246 995 581 1065 Spectatum
618 999 751 1051 satis
786 1001 846 1051 et
881 998 1145 1051 donatum
1174 998 1293 1066 jam
1329 997 1467 1051 rude
1503 997 1735 1065 quaeris,

246 1071 565 1142 MaecenaS,
600 1073 803 1126 iterum
837 1074 1065 1141 antiquo
1099 1091 1190 1127 me
1225 1074 1503 1127 includere
1537 1074 1683 1127 ludo.

247 1147 387 1201 Non
422 1149 616 1202 eadem
652 1151 738 1202 est
773 1152 940 1216 aetas,
974 1165 1083 1201 non
1119 1165 1287 1203 mens.
1358 1148 1618 1202 Veianius
1654 1147 1820 1201 armis

251 1221 518 1276 Herculis
554 1224 625 1277 ad
659 1227 874 1292 postem
909 1224 1034 1277 fixis
1068 1224 1208 1277 latet
1243 1223 1467 1277 abditus
1500 1239 1646 1292 agm,

247 1297 308 1350 N
317 1315 348 1351 e
381 1299 643 1368 populum
679 1304 928 1353 extrema
961 1300 1131 1352 toties
1166 1303 1360 1353 exoret
1395 1315 1573 1353 arena.
1643 1357 1648 1362 ,

250 1374 365 1427 Est
397 1374 532 1427 mihi
566 1378 856 1443 purgatam
890 1375 1085 1428 crebro
1122 1376 1216 1442 qui
1250 1378 1510 1443 personet
1544 1391 1758 1429 aurem:

251 1450 421 1503 Solve
454 1454 830 1504 senescentem
864 1455 1080 1504 mature
1117 1466 1278 1503 sanus
1314 1466 1528 1517 equum,
1561 1466 1632 1503 ne

252 1523 460 1578 Peccet
494 1525 567 1578 ad
602 1529 909 1579 extremum
944 1525 1209 1578 ridendus
1244 1528 1303 1577 et
1337 1524 1430 1576 ilia
1465 1523 1645 1576 ducat.

253 1599 421 1653 Nunc
454 1602 641 1669 itaque
677 1605 736 1654 et
771 1618 960 1654 versus
995 1604 1054 1654 et
1085 1605 1271 1653 cetera
1304 1600 1516 1652 ludicra
1549 1611 1704 1668 ponc,
1915 1614 1958 1652 ιο

255 1675 407 1738 Quid
416 1694 601 1730 verum
617 1681 784 1745 atque
793 1677 993 1730 decens
1007 1694 1136 1730 curo
1152 1680 1211 1729 et
1224 1694 1357 1744 rogo
1370 1680 1428 1730 et
1442 1677 1618 1728 omnis
1630 1677 1686 1728 in
1700 1677 1802 1730 hoc
1816 1693 1957 1741 sum3

255 1751 451 1805 Condo
487 1759 545 1805 et
580 1770 842 1822 compono
878 1771 1018 1821 quae
1056 1770 1184 1805 mox
1222 1754 1543 1820 depromere
1577 1752 1794 1821 possim
1839 1751 1846 1757 ’

256 1829 349 1880 Ac
381 1844 452 1881 ne
486 1829 629 1882 forte
665 1846 825 1897 roges
862 1846 970 1897 quo
1006 1846 1094 1882 me
1132 1829 1202 1882 dx
1212 1846 1285 1895 ce,
1323 1844 1432 1897 quo
1466 1828 1582 1881 lare
1613 1831 1781 1897 tuter,

255 1902 477 1957 Nullius
513 1905 767 1959 addictus
793 1904 986 1972 jurare
1021 1905 1078 1958 in
1115 1906 1282 1958 verba
1316 1903 1567 1972 magistri

258 1979 381 2043 Quo
413 1997 504 2034 me
537 1998 751 2050 cunque
785 1982 932 2050 rapit
966 1985 1267 2051 tempestas
1302 1981 1523 2036 deferor
1563 1980 1771 2048 hospes.
1915 1996 1957 2035 ιε

257 2053 312 2106 N
315 2070 421 2108 unc
451 2055 608 2122 agilis
643 2057 715 2107 fio
753 2059 811 2108 et
847 2072 1058 2109 mei-soi
1091 2056 1339 2110 civilibus
1372 2056 1552 2124 undis,

258 2128 499 2183 Virtutis
532 2146 693 2182 verae
730 2134 914 2183 custos
945 2131 1269 2199 rigidusque
1300 2132 1548 2195 satelles,

257 2205 418 2258 Nunc
452 2206 507 2257 in
548 2206 823 2273 Aristippi
858 2205 1051 2258 furtim
1087 2209 1382 2274 praecepta
1415 2196 1644 2274 relabor,

258 2279 332 2332 Et
365 2280 499 2333 mihi
535 2297 624 2334 res
660 2297 768 2333 non
800 2297 890 2334 me
925 2281 1089 2335 rebus
1133 2281 1463 2349 subjungere
1499 2298 1678 2336 οοιιοι.

256 2354 338 2409 Ut
370 2371 481 2424 nox¹
515 2356 680 2424 longa
712 2356 910 2425 quibus
946 2358 1216 2410 mentitur
1251 2357 1436 2423 amica,
1474 2356 1700 2424 diesque
1908 2374 1955 2412 90

258 2430 445 2498 Longa
474 2432 695 2486 videtur
730 2448 867 2501 opus
904 2432 1249 2500 debentibuS,
1284 2437 1348 2486 ut
1381 2433 1539 2501 piger
1575 2449 1746 2486 annus

260 2507 484 2574 Pupillis
519 2524 657 2576 quos
692 2508 834 2561 dura
861 2509 1064 2575 premit
1102 2508 1352 2561 custodia
1387 2511 1653 2572 matrum;

259 2583 342 2637 Sic
378 2583 512 2636 mihi
549 2584 712 2636 tarda
746 2583 923 2636 fluunt
958 2584 1285 2651 ingrataque
1321 2587 1581 2650 tempora,
1622 2599 1763 2649 quae
1799 2601 1951 2653 spem

260 2658 659 2728 Consiliumque
698 2662 980 2712 morantur
1017 2659 1219 2726 agendi
1253 2659 1465 2711 naviter
1501 2657 1560 2709 id
1598 2657 1745 2725 quod

261 2737 450 2805 Aeque
490 2734 822 2803 pauperibus
858 2735 1101 2804 prodest,
1143 2733 1503 2802 locupletibus
1542 2749 1731 2801 aeque,
1904 2751 1951 2789 2⁵

261 2813 447 2879 Aeque
483 2811 794 2877 neglectum
832 2810 1016 2878 pueris
1056 2810 1385 2879 senibusque
1424 2808 1650 2862 nocebit.

261 2885 450 2938 Restat
486 2889 551 2939 ut
589 2885 674 2937 his
713 2901 816 2951 ego
854 2902 942 2938 me
973 2885 1091 2953 ipse
1134 2903 1234 2952 reg·
1236 2902 1322 2937 am
1361 2885 1611 2952 solerque
1650 2883 1950 2939 elementis,

260 2960 305 3014 N
310 2977 375 3013 on
409 2961 583 3028 possis
617 2961 770 3013 oculo
810 2964 1076 3028 quantum
1116 2960 1444 3014 contendere
1484 2960 1742 3029 Lynceus,

262 3034 374 3089 Non
410 3040 595 3090 tamen
633 3035 835 3090 idcirco
873 3040 1190 3090 contemnas
1225 3036 1406 3104 lippus
1440 3035 1659 3103 inungi3

260 3111 304 3166 N
306 3127 364 3167 ec
402 3112 530 3182 quia
568 3111 828 3180 desperes
865 3111 1052 3166 invicti
1089 3111 1336 3165 membra
1375 3111 1477 3180 Gl)
1478 3111 1638 3181 conis,
1901 3129 1949 3170 ω
