2217 3559
64 3248 123 3393 &LA-1*

885 110 1178 158 EPODON
1212 109 1448 168 LIBER,
1488 111 1533 157 3.

542 189 919 257 Pavidumque
936 191 1177 257 leporem
1193 192 1251 242 et
1266 189 1534 243 advenam
1548 188 1746 256 laqueo
1759 204 1946 254 gruem

611 265 650 318 J
652 265 869 318 ucunda
904 268 1088 333 captat
1125 265 1383 332 praemia.

542 340 678 406 Quis
713 357 821 393 non
856 340 1122 394 malarum
1160 356 1295 408 quas
1331 355 1484 392 amor
1521 354 1682 393 curas
1718 337 1886 393 habet

615 417 772 469 Haec
807 415 954 469 inter
988 415 1369 469 obliviscitur?

544 491 753 557 Quodsi
788 490 987 560 pudica
1022 491 1220 544 mulier
1253 491 1310 543 in
1346 493 1563 558 partem
1590 488 1754 557 juvet

614 567 851 620 Domum
887 570 1055 635 atque
1091 566 1280 620 dulces
1317 565 1534 631 liberos,

543 641 745 698 Sabina
780 642 955 711 qualis
990 645 1087 695 aut
1123 645 1351 710 perusta
1387 640 1592 693 solibus

614 718 857 771 Pernicis
894 733 1032 770 uxor
1070 717 1254 784 Apuli,

480 865 486 869 .
543 794 766 849 Sacrum
803 793 1036 845 vetustis
1072 795 1323 845 exstruat
1359 791 1521 860 lignis
1557 791 1734 845 focum

612 867 766 920 Lassi
804 866 906 919 sub
942 866 1240 920 adventum
1276 867 1394 934 viri,

543 941 925 1010 Claudensque
960 943 1130 996 textis
1164 943 1406 997 cratibus
1440 943 1647 996 laetum
1682 957 1850 1009 pecus

615 1017 874 1070 Distenta
910 1017 1078 1071 siccet
1111 1017 1299 1084 ubera,

543 1093 619 1146 Et
652 1093 825 1146 horna
860 1093 1008 1147 dulci
1043 1094 1168 1147 vina
1202 1109 1458 1162 promens
1494 1093 1637 1146 dolio

613 1168 799 1235 Dapes
834 1169 1106 1236 inemptas
1143 1172 1405 1236 apparet:

544 1243 668 1297 Non
703 1260 794 1298 me
831 1244 1070 1297 Lucrina
1096 1244 1345 1312 juverint
1380 1243 1652 1310 conchylia

615 1319 863 1387 Magisve
898 1319 1159 1372 rhombus
1194 1324 1292 1372 aut
1328 1318 1484 1385 scari,

543 1394 600 1447 si
638 1410 774 1462 quos
812 1395 940 1448 Eois
975 1396 1226 1448 intonata
1262 1393 1520 1449 fluctibus

619 1470 811 1523 Hiems
847 1471 920 1523 ad
956 1471 1059 1523 hoc
1095 1474 1278 1524 vertat
1293 1486 1495 1533 „mare3

544 1544 667 1597 Non
707 1545 847 1598 Afra
882 1546 998 1598 avis
1035 1546 1336 1599 descendat
1372 1546 1430 1598 in
1466 1547 1719 1598 ventrem
1757 1560 1951 1613 meum,

610 1620 661 1672 N
664 1636 734 1673 on
769 1625 995 1688 attagen
1033 1621 1252 1674 Ionicus

542 1695 578 1747 J
583 1696 859 1763 ucundior,
895 1712 1059 1764 quam
1094 1697 1239 1749 lecta
1275 1696 1347 1750 de
1380 1695 1751 1764 pinguissimis

613 1770 772 1824 Oliva
805 1772 973 1824 ramis
1010 1772 1267 1824 arborum

544 1849 663 1900 Aut
697 1846 867 1900 herba
901 1847 1107 1914 lapathi
1144 1851 1303 1915 prata
1337 1846 1571 1900 amantis
1606 1850 1665 1899 et
1699 1845 1851 1913 gravi

610 1921 826 1975 Malvae
862 1922 1112 1975 salubres
1148 1922 1377 1990 corpori,

543 1997 649 2051 Vel
684 2014 826 2065 agna
859 1998 1018 2051 festis
1054 2014 1211 2051 caesa
1247 1997 1655 2063 Terminalibus,

610 2072 716 2125 Vel
753 2072 963 2125 haedus
999 2077 1225 2142 ereptus
1261 2074 1402 2140 lupo,

544 2146 661 2199 Has
696 2148 845 2200 inter
880 2147 1067 2216 epulas
1099 2151 1167 2202 ut
1192 2148 1357 2215 juvat
1393 2151 1578 2216 pastas
1613 2163 1741 2200 oves

611 2222 818 2276 Videre
852 2227 1211 2291 properantes
1248 2223 1485 2288 domum,

545 2296 749 2351 Videre
782 2298 956 2351 fessos
991 2314 1269 2351 vomerem
1303 2298 1579 2351 inversum
1617 2296 1782 2349 boves

612 2372 762 2426 Collo
798 2374 1082 2427 trahentes
1117 2374 1392 2442 languido,

544 2447 865 2518 Positosque
900 2466 1109 2518 vernas,
1147 2449 1280 2502 ditis
1317 2465 1544 2502 examen
1581 2448 1789 2511 domus,

611 2525 828 2578 Circum
865 2526 1183 2579 renidentes
1222 2526 1419 2579 Lares!

543 2599 698 2653 Haec
732 2600 827 2653 ubi
863 2600 1076 2654 locutus
1115 2602 1390 2654 fenerator
1427 2599 1675 2668 Alphius‚

608 2675 645 2728 J
651 2692 739 2728 am
767 2676 887 2744 jam
920 2676 1141 2729 futurus
1177 2678 1430 2743 rusticus,

541 2749 773 2804 Omnem
807 2752 1026 2819 redegit
1064 2752 1258 2805 Idibus
1293 2751 1593 2820 pecuniam,

612 2826 840 2889 Quaerit
879 2827 1148 2880 Kalendis
1183 2844 1400 2901 ponere.

1136 2969 1164 3021 I
1237 3011 1249 3023 .

544 3049 826 3105 anoe
861 3052 990 3104 olim
1028 3052 1073 3104 si
1113 2969 1235 3120 quliss
1271 3051 1438 3121 impia
1467 3066 1638 3105 manu

611 3125 796 3180 Senile
827 3132 1022 3195 guttur
1058 3128 1304 3196 fregerit,

1994 111 2055 155 89

2009 205 2055 243 3⁵

2007 955 2052 996 1⁵

2001 1708 2049 1746 55

1999 2459 2045 2499 65

1996 2838 2043 2877 ’10
