2217 3559
268 90 329 131 48

825 86 1139 134 HORATII
1169 86 1432 134 FLACCI

555 166 582 220 1
587 167 767 234 njccta
801 166 1061 219 monstris
1098 166 1269 219 Terra
1305 167 1457 220 dolet
1492 167 1603 222 suis

549 242 877 308 Macrctque
911 244 1103 309 partus
1140 241 1367 294 fulmine
1403 242 1642 297 luridum

619 317 819 371 Missos
855 317 926 368 ad
966 316 1202 381 Orcum;
1238 333 1338 370 nec
1372 318 1591 385 peredit

691 392 1012 459 Impositam
1049 392 1196 444 celer
1230 391 1372 459 ignis
1410 394 1648 460 Aetnen,

553 467 951 522 Incontincntis
988 483 1090 520 nec
1128 466 1273 536 Tityi
1302 467 1467 536 jecur

554 542 802 610 Reliquit
837 542 963 609 ales
1000 543 1280 611 nequitiae
1317 543 1541 597 additus

623 618 818 672 Custos
842 639 853 681 ;
887 622 1186 671 amatorem
1223 623 1500 671 trecentae

690 693 1000 746 Pirithoum
1036 693 1296 747 cohibent
1331 697 1568 749 catenae.

1093 834 1162 889 V.

553 917 743 971 CAELo
781 918 1082 971 Tonantem
1118 917 1456 970 credidimus
1492 917 1529 968 J
1534 933 1688 970 ovem

555 993 840 1061 Regnare:
877 1009 1141 1062 praesens
1177 993 1336 1046 divus
1371 992 1665 1046 habebitur

622 1073 908 1136 Augustus
944 1068 1181 1137 adjectis
1219 1069 1500 1123 Britannis

692 1144 931 1213 Imperio
965 1143 1332 1212 gravibusque
1372 1143 1570 1197 Persis,

553 1220 788 1275 Milcsne
827 1220 1009 1274 Crassi
1044 1218 1277 1287 conjuge
1312 1219 1547 1272 barbara

553 1297 750 1362 Turpis
786 1296 1015 1348 maritus
1051 1296 1191 1348 vixit
1225 1299 1284 1348 et
1319 1295 1572 1361 hostium,

623 1371 731 1425 Pro
767 1372 915 1424 curia
949 1371 1266 1438 inversique
1301 1374 1514 1424 mores!

692 1447 992 1500 Consenuit
1028 1463 1338 1499 socerorum
1374 1446 1426 1498 in
1465 1446 1629 1499 armis

553 1522 667 1576 Sub
704 1538 834 1589 rege
872 1521 1041 1574 Medo
1079 1522 1297 1574 Marsus
1333 1525 1393 1575 et
1432 1522 1662 1591 Apulus,

553 1598 894 1653 Anciliorum
931 1601 990 1650 et
1024 1597 1261 1650 nominis
1298 1601 1357 1650 et
1391 1601 1552 1663 togae

623 1673 843 1726 Oblitus
878 1677 1247 1740 aeternaeque
1285 1672 1508 1738 Vestae,

694 1749 958 1802 Incolumi
994 1748 1136 1801 Jove
1172 1752 1232 1801 et
1267 1747 1404 1801 urbe
1446 1748 1658 1802 Romal

555 1824 678 1877 Hoc
713 1830 931 1877 caverat
965 1840 1121 1877 mens
1155 1824 1387 1892 provida
1425 1823 1621 1891 Reguli

554 1899 949 1953 Dissenticntis
986 1899 1388 1952 conditionibus

623 1973 825 2026 Foedis
861 1980 920 2028 et
955 1975 1207 2042 exemplo
1243 1975 1511 2028 trahentis

694 2049 999 2103 Perniciem
1035 2051 1260 2103 veniens
1295 2051 1352 2103 in
1387 2067 1596 2118 aevum,

552 2125 612 2179 Si
646 2141 755 2177 non
790 2128 999 2194 periret
1033 2126 1437 2179 immiserabilis

553 2201 783 2269 Captiva
817 2201 1007 2270 pubes,
1078 2201 1287 2269 “Signa
1303 2215 1422 2268 ‘ego
1460 2199 1681 2253 Punicis

624 2277 826 2331 Adfixa
863 2277 1106 2330 delubris
1145 2281 1204 2330 et
1238 2293 1389 2329 arma

688 2352 959 2405 Militibus
996 2353 1114 2405 sine
1150 2353 1361 2420 caede‚’'
1399 2351 1558 2417 dixit,

551 2428 838 2496 “Derepta
872 2428 1020 2492 vidi;
1055 2428 1170 2480 vidi
1207 2444 1309 2495 ego
1345 2428 1544 2480 civium

551 2504 786 2557 Retorta
821 2509 977 2571 tergo
1014 2503 1236 2556 brachia
1270 2503 1443 2556 libero

618 2579 922 2648 Portasque
958 2596 1065 2632 non
1100 2580 1310 2632 clausas
1344 2583 1403 2631 et
1436 2593 1567 2631 arva

685 2655 866 2708 Marte
902 2655 1004 2707 coli
1039 2655 1298 2723 populata
1332 2658 1533 2706 nostro·

545 2732 703 2786 Auro
739 2746 1000 2798 repensus
1037 2731 1244 2783 scilicet
1278 2730 1456 2783 acrior

544 2806 709 2861 Miles
747 2805 964 2858 redibit.
1036 2806 1269 2872 Flagitio
1302 2803 1510 2858 additis

613 2882 919 2936 Damnum:
954 2898 1133 2950 neque
1170 2882 1394 2934 amissos
1429 2879 1635 2932 colores

682 2958 833 3010 Lana
867 2959 1039 3010 refert
1073 2958 1344 3010 medicata
1379 2957 1516 3021 sum,

544 3032 596 3086 N
601 3050 662 3086 ec
697 3050 826 3085 vera
860 3032 1034 3084 virtus
1069 3049 1190 3084 cum
1229 3032 1394 3085 semel
1430 3029 1637 3085 excidit

545 3107 716 3161 Curat
752 3108 939 3174 reponi
977 3106 1356 3159 deterioribus.

1945 333 1988 375 75

1954 1611 1999 1650 10

1950 1989 1997 2028 15

1936 3126 1983 3163 ‘30

2179 361 2184 554 -...„⁴„-—.-
2179 329 2184 336 .
2163 271 2185 304 1.,
