2217 3559
360 125 453 173 172
911 127 1220 175 HORATII
1255 126 1516 177 FLACCI

355 202 583 257 Invitus.
655 203 807 270 Fuge
843 221 1065 272 magna:
1103 206 1235 260 licet
1272 206 1373 259 sub
1408 224 1652 275 paupere
1686 212 1833 262 tecto

356 277 537 345 Reges
573 281 633 332 et
668 295 863 346 regum
900 281 1014 334 vita
1047 298 1405 349 praecurrere
1440 283 1656 336 amicos,

358 352 562 406 Cervus
598 370 799 421 equum
835 372 1017 423 pugna
1052 356 1247 410 melior
1280 357 1658 410 communibus
1692 357 1877 410 herbis

359 427 622 496 Pellebat,
658 428 832 483 donec
867 431 1044 484 minor
1077 431 1135 484 in
1172 434 1469 486 certamine
1512 433 1674 501 longo
2009 446 2049 487 35
2143 453 2146 504 }

360 503 679 572 Imploravit
713 521 846 573 opes
880 505 1115 560 hominis
1149 508 1474 577 frenumque
1509 499 1747 577 recepit‘;

360 579 471 632 Sed
505 583 793 648 postquam
830 582 1004 635 victor
1039 583 1247 636 violens
1284 583 1536 637 discessit
1570 583 1642 637 ab
1678 585 1833 637 hoste

361 655 484 708 Non
521 656 761 724 equitem
800 657 975 724 dorse,
1012 674 1121 711 non
1156 659 1371 712 frenum
1408 658 1624 727 depulit
1659 676 1768 712 ore.

361 730 450 783 Sic
484 731 578 799 qui
614 734 932 800 pauperiem
966 733 1178 787 veritus
1214 734 1427 801 potiore
1462 734 1698 788 metallis

362 805 645 861 Libertate
680 813 846 870 caret,
884 808 1164 862 dominum
1200 809 1351 862 vehit
1391 809 1677 877 improbus
1710 811 1878 876 atque
2003 821 2039 858 ω

362 881 576 936 Serviet
609 885 909 950 aeternum,
946 885 1075 952 quia
1108 901 1279 953 parvo
1313 885 1523 939 nesciet
1558 885 1656 937 uti.

362 955 466 1010 Cui
500 974 608 1011 non
644 975 767 1011 com
780 959 929 1011 eniet
966 976 1064 1013 sua
1098 977 1203 1025 rea
1241 963 1306 1014 ut
1340 960 1553 1013 calceus
1589 959 1732 1023 olim,

363 1031 421 1085 Si
455 1034 598 1101 pede
633 1033 809 1101 major
845 1033 953 1087 erit
989 1035 1290 1102 subvertet,
1326 1035 1371 1087 si
1410 1035 1586 1087 minor
1622 1040 1760 1090 uret.

364 1107 568 1163 Laetus
602 1113 750 1163 sorte
784 1113 882 1163 tua
916 1110 1065 1164 vives
1107 1111 1397 1178 sapienter,
1439 1111 1633 1176 Aristi,

363 1183 415 1235 N
420 1201 481 1238 ec
516 1202 604 1239 me
640 1186 885 1238 dimittes
920 1186 1303 1254 incastigatum
1338 1186 1434 1238 ubi
1469 1185 1629 1253 plura
1996 1195 2033 1235 4⁵

365 1259 571 1329 Cogere
607 1278 768 1329 quam
806 1261 940 1314 satis
975 1266 1060 1315 est
1096 1278 1160 1315 ac
1193 1278 1300 1314 non
1335 1277 1552 1314 cessare
1587 1259 1825 1314 videbor.

366 1334 612 1404 Imperat
648 1341 743 1389 aut
779 1336 951 1390 servit
983 1337 1210 1390 collecta
1244 1336 1475 1405 pecunia
1509 1335 1721 1404 cuique,

364 1410 589 1465 'Portum
625 1412 791 1479 digna
827 1412 980 1480 sequi
1014 1414 1199 1480 potius
1234 1428 1400 1480 quam
1436 1411 1641 1465 ducere
1676 1412 1869 1464 funem.

367 1486 520 1541 Haec
554 1487 659 1540 tibi
692 1487 967 1540 dictabam
1004 1491 1131 1555 post
1163 1488 1348 1540 fanum
1382 1490 1546 1554 putre
1583 1486 1851 1550 Vacunae,

367 1562 610 1632 Excepto
645 1563 794 1631 quod
829 1579 935 1615 non
971 1562 1130 1616 simul
1169 1578 1317 1638 esses
1351 1565 1571 1614 caetera
1604 1561 1795 1615 laetus.
1992 1570 2032 1611 ω

366 1786 515 1851 Qun>
551 1786 652 1840 tibi
688 1787 803 1839 visa
840 1785 1017 1852 Chios,
1057 1785 1280 1853 Bullati‚
1316 1790 1555 1855 notaque
1594 1787 1811 1851 Lesbos,

367 1863 512 1926 Quid
547 1863 806 1915 concinna
843 1861 1046 1926 SamOS,
1084 1862 1220 1930 quid
1258 1862 1447 1915 Croesi
1480 1862 1635 1929 regia
1672 1862 1875 1927 SardeS,

367 1939 593 2006 Smyrna
629 1938 762 2005 quid
797 1941 855 1990 et
893 1936 1205 2005 Colophon?
1276 1937 1494 2004 Majora
1526 1938 1802 1991 minorare
1833 1937 1966 1997 fama,

368 2015 647 2067 Cunctane
683 2030 816 2081 prae
854 2013 1058 2080 Campo
1092 2017 1153 2066 et
1189 2011 1445 2065 Tiberino
1480 2013 1704 2066 flumine
1740 2012 1964 2066 sordenti!

368 2091 459 2142 An
495 2089 644 2142 venit
679 2090 736 2142 in
772 2092 960 2142 votum
998 2088 1257 2142 Attalicis
1292 2106 1362 2142 ex
1400 2087 1631 2141 urbibus
1664 2105 1785 2153 una,
1999 2097 2021 2138 ε

371 2167 459 2218 An
496 2164 781 2217 Lebedum
815 2164 1008 2217 laudas
1043 2165 1171 2217 odio
1206 2165 1373 2217 maris
1406 2167 1574 2232 atque
1610 2163 1843 2216 viarum?

368 2241 484 2294 Scis
520 2239 774 2292 Lebedus
810 2239 945 2307 quid
981 2240 1082 2304 sit3
1122 2239 1311 2292 Gabiis
1348 2240 1618 2292 desertior
1652 2244 1816 2307 atque

368 2315 592 2369 Fidenis
627 2316 807 2379 vicus3
841 2318 1027 2367 tamen
1064 2315 1175 2367 illic
1211 2316 1395 2368 vivere
1432 2314 1640 2378 vellem,

367 2392 692 2459 Oblitusque
728 2407 973 2443 meorum
1011 2390 1411 2443 obliviscendus
1447 2394 1506 2443 et
1541 2390 1648 2441 illis

367 2469 688 2536 Neptunum
724 2466 912 2534 procul
951 2482 981 2518 e
1018 2470 1167 2519 terra
1202 2471 1449 2533 spectare
1484 2466 1774 2518 furentem.
1981 2476 2012 2514 in

367 2544 479 2598 Sed
513 2559 695 2612 neque
731 2542 826 2610 qui
865 2541 1052 2608 Capua
1089 2540 1320 2593 Romam
1355 2540 1498 2608 petit
1532 2539 1709 2592 imbre
1746 2540 1937 2607 lutoque

336 2640 347 2644 ’
369 2620 683 2688 Adspersus
717 2617 867 2671 volet
901 2616 959 2669 in
994 2632 1238 2683 caupona
1273 2617 1485 2680 vivere3
1520 2632 1622 2669 nec
1656 2615 1749 2682 qui

369 2696 565 2762 Frigus
601 2692 822 2759 collegit
856 2691 1044 2744 furnos
1082 2695 1142 2744 ct
1176 2690 1373 2743 balnea
1406 2690 1625 2743 laudat'

373 2770 448 2823 Ut
483 2770 820 2821 fortunatam
854 2766 1017 2835 plene
1053 2766 1392 2834 praestantia
1427 2767 1626 2818 vitam.-

367 2845 420 2899 N
424 2862 487 2898 ec
522 2845 568 2896 si
603 2847 661 2896 te
696 2842 909 2895 validus
936 2841 1233 2908 jactaverit
1272 2844 1481 2894 Auster
1515 2841 1572 2893 in
1607 2840 1734 2906 alte,
1977 2847 2011 2890 ιε

368 2920 582 2974 Idcirco
618 2935 811 2971 navem
847 2922 1001 2970 trans
1041 2919 1323 2982 Aegaeum
1359 2933 1509 2968 mare
1542 2915 1761 2969 vendas

370 2994 634 3048 Incolumi
674 2991 898 3045 Rhodos
936 2994 997 3044 et
1032 2990 1294 3057 Mytilene
1331 2991 1558 3057 pulchra
1589 2991 1724 3043 facit
1755 2987 1880 3058 quod

370 3068 611 3123 Paenula
645 3068 895 3132 solstitiO,
934 3069 1243 3132 campestre
1280 3066 1549 3119 nivalibus
1582 3066 1745 3133 auriS,

368 3145 478 3198 Per
510 3144 761 3195 brumam
800 3142 1026 3194 Tiberis
1065 3140 1261 3193 Sextili
1298 3157 1484 3193 mense
1519 3142 1774 3193 caminus-

2125 1721 2147 1760 ,ί
