<?xml version="1.0" encoding="UTF-8"?>
<!DOCTYPE html PUBLIC "-//W3C//DTD XHTML 1.0 Transitional//EN"
    "http://www.w3.org/TR/xhtml1/DTD/xhtml1-transitional.dtd">
<html xmlns="http://www.w3.org/1999/xhtml" xml:lang="en" lang="en">
 <head>
  <title>
</title>
<meta http-equiv="Content-Type" content="text/html;charset=utf-8" />
  <meta name='ocr-system' content='tesseract 3.04.00' />
  <meta name='ocr-capabilities' content='ocr_page ocr_carea ocr_par ocr_line ocrx_word'/>
</head>
<body>
  <div class='ocr_page' id='page_1' title='image "./quintihoratiifl02longgoog_0089.png"; bbox 0 0 2217 3559; ppageno 0'>
   <div class='ocr_carea' id='block_1_1' title="bbox 680 121 1466 183">
    <p class='ocr_par' dir='ltr' id='par_1_1' title="bbox 680 121 1466 183">
     <span class='ocr_line' id='line_1_1' title="bbox 680 121 1466 183; baseline -0.005 -7"><span class='ocrx_word' id='word_1_1' title='bbox 680 125 1093 176; x_wconf 73' lang='lat' dir='ltr'><strong>CARMINUM</strong></span> <span class='ocrx_word' id='word_1_2' title='bbox 1128 121 1231 172; x_wconf 85' lang='lat'>111.</span> <span class='ocrx_word' id='word_1_3' title='bbox 1275 126 1349 183; x_wconf 84' lang='lat'><strong>10,</strong></span> <span class='ocrx_word' id='word_1_4' title='bbox 1395 125 1466 172; x_wconf 91' lang='lat'><strong>11.</strong></span> 
     </span>
    </p>
   </div>
   <div class='ocr_carea' id='block_1_2' title="bbox 504 203 1731 571">
    <p class='ocr_par' dir='ltr' id='par_1_2' title="bbox 504 203 1253 264">
     <span class='ocr_line' id='line_1_2' title="bbox 504 203 1253 264; baseline -0.011 -1"><span class='ocrx_word' id='word_1_5' title='bbox 504 208 564 264; x_wconf 84' lang='lat' dir='ltr'><strong>Si</strong></span> <span class='ocrx_word' id='word_1_6' title='bbox 591 208 737 261; x_wconf 85' lang='lat' dir='ltr'><strong>flava</strong></span> <span class='ocrx_word' id='word_1_7' title='bbox 773 204 1049 258; x_wconf 76' lang='lat' dir='ltr'><strong>excutitur</strong></span> <span class='ocrx_word' id='word_1_8' title='bbox 1085 203 1253 256; x_wconf 69' lang='lat' dir='ltr'><strong>Chloe</strong></span> 
     </span>
    </p>

    <p class='ocr_par' dir='ltr' id='par_1_3' title="bbox 507 275 1617 425">
     <span class='ocr_line' id='line_1_3' title="bbox 576 275 1617 349; baseline -0.005 -14"><span class='ocrx_word' id='word_1_9' title='bbox 576 282 946 349; x_wconf 86' lang='lat' dir='ltr'><strong>Rejectaeque</strong></span> <span class='ocrx_word' id='word_1_10' title='bbox 981 282 1139 347; x_wconf 81' lang='lat' dir='ltr'><strong>patet</strong></span> <span class='ocrx_word' id='word_1_11' title='bbox 1164 277 1337 346; x_wconf 85' lang='lat' dir='ltr'><strong>janua</strong></span> <span class='ocrx_word' id='word_1_12' title='bbox 1373 275 1578 345; x_wconf 78' lang='lat' dir='ltr'>Lydiae</span> <span class='ocrx_word' id='word_1_13' title='bbox 1596 289 1617 330; x_wconf 69' lang='lat' dir='ltr'><strong>&#39;f</strong></span> 
     </span>
     <span class='ocr_line' id='line_1_4' title="bbox 507 353 1476 425; baseline -0.007 -14"><span class='ocrx_word' id='word_1_14' title='bbox 507 359 847 425; x_wconf 81' lang='lat' dir='ltr'><strong>Quamquam</strong></span> <span class='ocrx_word' id='word_1_15' title='bbox 885 354 1066 407; x_wconf 85' lang='lat' dir='ltr'><strong>sidere</strong></span> <span class='ocrx_word' id='word_1_16' title='bbox 1100 353 1375 422; x_wconf 82' lang='lat' dir='ltr'><strong>pulchrior</strong></span> <span class='ocrx_word' id='word_1_17' title='bbox 1473 421 1476 423; x_wconf 64' lang='lat'>‚</span> 
     </span>
    </p>

    <p class='ocr_par' dir='ltr' id='par_1_4' title="bbox 507 426 1731 571">
     <span class='ocr_line' id='line_1_5' title="bbox 577 426 1731 497; baseline -0.006 -11"><span class='ocrx_word' id='word_1_18' title='bbox 577 434 680 486; x_wconf 91' lang='lat' dir='ltr'><strong>Ille</strong></span> <span class='ocrx_word' id='word_1_19' title='bbox 716 434 814 497; x_wconf 81' lang='lat' dir='ltr'><strong>est,</strong></span> <span class='ocrx_word' id='word_1_20' title='bbox 849 433 914 484; x_wconf 88' lang='lat' dir='ltr'><strong>tu</strong></span> <span class='ocrx_word' id='word_1_21' title='bbox 947 430 1120 483; x_wconf 89' lang='lat' dir='ltr'><strong>levior</strong></span> <span class='ocrx_word' id='word_1_22' title='bbox 1154 428 1354 482; x_wconf 85' lang='lat' dir='ltr'><strong>cortice</strong></span> <span class='ocrx_word' id='word_1_23' title='bbox 1389 431 1447 481; x_wconf 89' lang='lat' dir='ltr'><strong>et</strong></span> <span class='ocrx_word' id='word_1_24' title='bbox 1481 426 1731 496; x_wconf 87' lang='lat' dir='ltr'><strong>improbo</strong></span> 
     </span>
     <span class='ocr_line' id='line_1_6' title="bbox 507 504 1098 571; baseline -0.01 -9"><span class='ocrx_word' id='word_1_25' title='bbox 507 507 830 563; x_wconf 81' lang='lat' dir='ltr'><strong>Iracundior</strong></span> <span class='ocrx_word' id='word_1_26' title='bbox 868 504 1098 571; x_wconf 83' lang='lat' dir='ltr'><strong>Hadria,</strong></span> 
     </span>
    </p>
   </div>
   <div class='ocr_carea' id='block_1_3' title="bbox 1870 119 1931 166">
    <p class='ocr_par' dir='ltr' id='par_1_5' title="bbox 1870 119 1931 166">
     <span class='ocr_line' id='line_1_7' title="bbox 1870 119 1931 166; baseline -0.033 0"><span class='ocrx_word' id='word_1_27' title='bbox 1870 119 1931 166; x_wconf 77' lang='lat'><strong>53</strong></span> 
     </span>
    </p>
   </div>
   <div class='ocr_carea' id='block_1_4' title="bbox 576 575 1898 645">
    <p class='ocr_par' dir='ltr' id='par_1_6' title="bbox 576 575 1898 645">
     <span class='ocr_line' id='line_1_8' title="bbox 576 575 1898 645; baseline -0.006 -10"><span class='ocrx_word' id='word_1_28' title='bbox 576 583 777 636; x_wconf 82' lang='lat' dir='ltr'><strong>Tecum</strong></span> <span class='ocrx_word' id='word_1_29' title='bbox 811 580 992 633; x_wconf 85' lang='lat' dir='ltr'><strong>vivere</strong></span> <span class='ocrx_word' id='word_1_30' title='bbox 1028 595 1221 645; x_wconf 84' lang='lat' dir='ltr'><strong>amem,</strong></span> <span class='ocrx_word' id='word_1_31' title='bbox 1258 580 1442 631; x_wconf 91' lang='lat' dir='ltr'><strong>tecum</strong></span> <span class='ocrx_word' id='word_1_32' title='bbox 1477 575 1670 630; x_wconf 89' lang='lat' dir='ltr'><strong>obeam</strong></span> <span class='ocrx_word' id='word_1_33' title='bbox 1707 575 1898 629; x_wconf 76' lang='lat' dir='ltr'><strong>libens.</strong></span> 
     </span>
    </p>
   </div>
   <div class='ocr_carea' id='block_1_5' title="bbox 1048 713 1117 767">
    <p class='ocr_par' dir='ltr' id='par_1_7' title="bbox 1048 713 1117 767">
     <span class='ocr_line' id='line_1_9' title="bbox 1048 713 1117 767; baseline 0.029 -2"><span class='ocrx_word' id='word_1_34' title='bbox 1048 713 1117 767; x_wconf 91' lang='lat' dir='ltr'><strong>X.</strong></span> 
     </span>
    </p>
   </div>
   <div class='ocr_carea' id='block_1_6' title="bbox 509 792 1769 2295">
    <p class='ocr_par' dir='ltr' id='par_1_8' title="bbox 510 792 1625 861">
     <span class='ocr_line' id='line_1_10' title="bbox 510 792 1625 861; baseline -0.006 -9"><span class='ocrx_word' id='word_1_35' title='bbox 510 798 837 852; x_wconf 56' lang='lat' dir='ltr'><strong>Ennianum</strong></span> <span class='ocrx_word' id='word_1_36' title='bbox 874 794 1078 847; x_wconf 85' lang='lat' dir='ltr'><strong>Tanain</strong></span> <span class='ocrx_word' id='word_1_37' title='bbox 1116 793 1161 846; x_wconf 90' lang='lat' dir='ltr'><strong>si</strong></span> <span class='ocrx_word' id='word_1_38' title='bbox 1195 792 1431 861; x_wconf 88' lang='lat' dir='ltr'><strong>biberes,</strong></span> <span class='ocrx_word' id='word_1_39' title='bbox 1470 793 1625 860; x_wconf 79' lang='lat' dir='ltr'><strong>Lyce,</strong></span> 
     </span>
    </p>

    <p class='ocr_par' dir='ltr' id='par_1_9' title="bbox 510 869 1658 938">
     <span class='ocr_line' id='line_1_11' title="bbox 510 869 1658 938; baseline -0.005 -13"><span class='ocrx_word' id='word_1_40' title='bbox 510 874 681 925; x_wconf 81' lang='lat' dir='ltr'><strong>Saevo</strong></span> <span class='ocrx_word' id='word_1_41' title='bbox 715 874 890 938; x_wconf 86' lang='lat' dir='ltr'><strong>nupta</strong></span> <span class='ocrx_word' id='word_1_42' title='bbox 923 869 1054 935; x_wconf 84' lang='lat' dir='ltr'><strong>vire,</strong></span> <span class='ocrx_word' id='word_1_43' title='bbox 1089 884 1180 920; x_wconf 91' lang='lat' dir='ltr'><strong>me</strong></span> <span class='ocrx_word' id='word_1_44' title='bbox 1215 871 1400 920; x_wconf 85' lang='lat' dir='ltr'><strong>tamen</strong></span> <span class='ocrx_word' id='word_1_45' title='bbox 1435 884 1658 935; x_wconf 82' lang='lat' dir='ltr'><strong>asperas</strong></span> 
     </span>
    </p>

    <p class='ocr_par' dir='ltr' id='par_1_10' title="bbox 509 941 1669 1086">
     <span class='ocr_line' id='line_1_12' title="bbox 509 941 1669 1009; baseline -0.003 -11"><span class='ocrx_word' id='word_1_46' title='bbox 509 944 829 999; x_wconf 86' lang='lat' dir='ltr'><strong>Porrectum</strong></span> <span class='ocrx_word' id='word_1_47' title='bbox 865 947 994 996; x_wconf 84' lang='lat' dir='ltr'><strong>ante</strong></span> <span class='ocrx_word' id='word_1_48' title='bbox 1028 943 1174 995; x_wconf 88' lang='lat' dir='ltr'><strong>fores</strong></span> <span class='ocrx_word' id='word_1_49' title='bbox 1209 941 1445 1009; x_wconf 88' lang='lat' dir='ltr'><strong>objicere</strong></span> <span class='ocrx_word' id='word_1_50' title='bbox 1481 943 1669 996; x_wconf 88' lang='lat' dir='ltr'><strong>incolis</strong></span> 
     </span>
     <span class='ocr_line' id='line_1_13' title="bbox 577 1017 1247 1086; baseline -0.003 -13"><span class='ocrx_word' id='word_1_51' title='bbox 577 1020 828 1086; x_wconf 88' lang='lat' dir='ltr'><strong>Plorares</strong></span> <span class='ocrx_word' id='word_1_52' title='bbox 867 1017 1247 1086; x_wconf 90' lang='lat' dir='ltr'><strong>Aquilonibus.</strong></span> 
     </span>
    </p>

    <p class='ocr_par' dir='ltr' id='par_1_11' title="bbox 514 1092 1694 1164">
     <span class='ocr_line' id='line_1_14' title="bbox 514 1092 1694 1164; baseline -0.004 -13"><span class='ocrx_word' id='word_1_53' title='bbox 514 1096 691 1153; x_wconf 85' lang='lat' dir='ltr'><strong>Audis</strong></span> <span class='ocrx_word' id='word_1_54' title='bbox 727 1111 834 1164; x_wconf 91' lang='lat' dir='ltr'><strong>quo</strong></span> <span class='ocrx_word' id='word_1_55' title='bbox 870 1093 1109 1162; x_wconf 83' lang='lat' dir='ltr'><strong>strepitu</strong></span> <span class='ocrx_word' id='word_1_56' title='bbox 1137 1092 1322 1161; x_wconf 85' lang='lat' dir='ltr'><strong>janua,</strong></span> <span class='ocrx_word' id='word_1_57' title='bbox 1359 1110 1467 1161; x_wconf 89' lang='lat' dir='ltr'><strong>quo</strong></span> <span class='ocrx_word' id='word_1_58' title='bbox 1503 1111 1694 1148; x_wconf 88' lang='lat' dir='ltr'><strong>nemus</strong></span> 
     </span>
    </p>

    <p class='ocr_par' dir='ltr' id='par_1_12' title="bbox 511 1170 1635 1239">
     <span class='ocr_line' id='line_1_15' title="bbox 511 1170 1635 1239; baseline -0.002 -14"><span class='ocrx_word' id='word_1_59' title='bbox 511 1172 671 1225; x_wconf 81' lang='lat' dir='ltr'><strong>Inter</strong></span> <span class='ocrx_word' id='word_1_60' title='bbox 703 1171 930 1239; x_wconf 88' lang='lat' dir='ltr'><strong>pulchra</strong></span> <span class='ocrx_word' id='word_1_61' title='bbox 965 1173 1144 1222; x_wconf 84' lang='lat' dir='ltr'><strong>satum</strong></span> <span class='ocrx_word' id='word_1_62' title='bbox 1180 1173 1326 1222; x_wconf 85' lang='lat' dir='ltr'><strong>tecta</strong></span> <span class='ocrx_word' id='word_1_63' title='bbox 1362 1170 1635 1236; x_wconf 78' lang='lat' dir='ltr'><strong>remugiat</strong></span> 
     </span>
    </p>

    <p class='ocr_par' dir='ltr' id='par_1_13' title="bbox 512 1245 1576 1389">
     <span class='ocr_line' id='line_1_16' title="bbox 512 1245 1576 1314; baseline -0.003 -14"><span class='ocrx_word' id='word_1_64' title='bbox 512 1247 722 1314; x_wconf 77' lang='lat' dir='ltr'><strong>VentiS‚</strong></span> <span class='ocrx_word' id='word_1_65' title='bbox 761 1250 819 1299; x_wconf 89' lang='lat' dir='ltr'><strong>et</strong></span> <span class='ocrx_word' id='word_1_66' title='bbox 853 1245 1058 1313; x_wconf 87' lang='lat' dir='ltr'><strong>positas</strong></span> <span class='ocrx_word' id='word_1_67' title='bbox 1093 1248 1158 1297; x_wconf 88' lang='lat' dir='ltr'><strong>ut</strong></span> <span class='ocrx_word' id='word_1_68' title='bbox 1193 1245 1390 1311; x_wconf 78' lang='lat' dir='ltr'><strong>glaciet</strong></span> <span class='ocrx_word' id='word_1_69' title='bbox 1424 1246 1576 1298; x_wconf 85' lang='lat' dir='ltr'><strong>nives</strong></span> 
     </span>
     <span class='ocr_line' id='line_1_17' title="bbox 579 1321 1319 1389; baseline -0.004 -13"><span class='ocrx_word' id='word_1_70' title='bbox 579 1322 725 1376; x_wconf 89' lang='lat' dir='ltr'><strong>Puro</strong></span> <span class='ocrx_word' id='word_1_71' title='bbox 760 1322 982 1374; x_wconf 88' lang='lat' dir='ltr'><strong>numine</strong></span> <span class='ocrx_word' id='word_1_72' title='bbox 1018 1321 1056 1372; x_wconf 86' lang='lat' dir='ltr'><strong>J</strong></span> <span class='ocrx_word' id='word_1_73' title='bbox 1060 1321 1319 1389; x_wconf 71' lang='lat' dir='ltr'><strong>uppiter?</strong></span> 
     </span>
    </p>

    <p class='ocr_par' dir='ltr' id='par_1_14' title="bbox 513 1396 1578 1466">
     <span class='ocr_line' id='line_1_18' title="bbox 513 1396 1578 1466; baseline -0.002 -15"><span class='ocrx_word' id='word_1_74' title='bbox 513 1399 794 1466; x_wconf 81' lang='lat' dir='ltr'><strong>Ingratam</strong></span> <span class='ocrx_word' id='word_1_75' title='bbox 831 1397 1036 1450; x_wconf 87' lang='lat' dir='ltr'><strong>Veneri</strong></span> <span class='ocrx_word' id='word_1_76' title='bbox 1072 1413 1214 1464; x_wconf 91' lang='lat' dir='ltr'><strong>pone</strong></span> <span class='ocrx_word' id='word_1_77' title='bbox 1250 1396 1578 1465; x_wconf 82' lang='lat' dir='ltr'><strong>superbiam,</strong></span> 
     </span>
    </p>

    <p class='ocr_par' dir='ltr' id='par_1_15' title="bbox 511 1472 1551 1527">
     <span class='ocr_line' id='line_1_19' title="bbox 511 1472 1551 1527; baseline 0 -1"><span class='ocrx_word' id='word_1_78' title='bbox 511 1474 600 1526; x_wconf 85' lang='lat' dir='ltr'><strong>Ne</strong></span> <span class='ocrx_word' id='word_1_79' title='bbox 636 1476 887 1527; x_wconf 84' lang='lat' dir='ltr'><strong>currente</strong></span> <span class='ocrx_word' id='word_1_80' title='bbox 923 1477 1074 1525; x_wconf 87' lang='lat' dir='ltr'><strong>retro</strong></span> <span class='ocrx_word' id='word_1_81' title='bbox 1108 1472 1251 1524; x_wconf 89' lang='lat' dir='ltr'><strong>funis</strong></span> <span class='ocrx_word' id='word_1_82' title='bbox 1288 1477 1379 1525; x_wconf 88' lang='lat' dir='ltr'><strong>eat</strong></span> <span class='ocrx_word' id='word_1_83' title='bbox 1414 1477 1551 1526; x_wconf 86' lang='lat' dir='ltr'><strong>rota.</strong></span> 
     </span>
    </p>

    <p class='ocr_par' dir='ltr' id='par_1_16' title="bbox 509 1547 1602 1692">
     <span class='ocr_line' id='line_1_20' title="bbox 509 1547 1602 1617; baseline -0.001 -15"><span class='ocrx_word' id='word_1_84' title='bbox 509 1549 635 1603; x_wconf 90' lang='lat' dir='ltr'><strong>Non</strong></span> <span class='ocrx_word' id='word_1_85' title='bbox 672 1553 729 1602; x_wconf 84' lang='lat' dir='ltr'><strong>te</strong></span> <span class='ocrx_word' id='word_1_86' title='bbox 768 1549 1078 1616; x_wconf 86' lang='lat' dir='ltr'><strong>Penelopen</strong></span> <span class='ocrx_word' id='word_1_87' title='bbox 1117 1547 1389 1600; x_wconf 86' lang='lat' dir='ltr'><strong>difficilem</strong></span> <span class='ocrx_word' id='word_1_88' title='bbox 1424 1549 1602 1617; x_wconf 90' lang='lat' dir='ltr'><strong>procis</strong></span> 
     </span>
     <span class='ocr_line' id='line_1_21' title="bbox 580 1623 1361 1692; baseline 0 -15"><span class='ocrx_word' id='word_1_89' title='bbox 580 1625 889 1692; x_wconf 84' lang='lat' dir='ltr'><strong>Tyrrhenus</strong></span> <span class='ocrx_word' id='word_1_90' title='bbox 924 1623 1114 1690; x_wconf 83' lang='lat' dir='ltr'><strong>genuit</strong></span> <span class='ocrx_word' id='word_1_91' title='bbox 1150 1640 1361 1691; x_wconf 78' lang='lat' dir='ltr'><strong>parens,</strong></span> 
     </span>
    </p>

    <p class='ocr_par' dir='ltr' id='par_1_17' title="bbox 514 1699 1769 1767">
     <span class='ocr_line' id='line_1_22' title="bbox 514 1699 1769 1767; baseline 0 -15"><span class='ocrx_word' id='word_1_92' title='bbox 514 1699 561 1752; x_wconf 95' lang='grc' dir='ltr'>Ο</span> <span class='ocrx_word' id='word_1_93' title='bbox 599 1700 843 1767; x_wconf 87' lang='lat' dir='ltr'><strong>quamvis</strong></span> <span class='ocrx_word' id='word_1_94' title='bbox 879 1716 1055 1766; x_wconf 80' lang='lat' dir='ltr'><strong>neque</strong></span> <span class='ocrx_word' id='word_1_95' title='bbox 1088 1703 1148 1751; x_wconf 91' lang='lat' dir='ltr'><strong>te</strong></span> <span class='ocrx_word' id='word_1_96' title='bbox 1183 1716 1411 1753; x_wconf 87' lang='lat' dir='ltr'><strong>munera</strong></span> <span class='ocrx_word' id='word_1_97' title='bbox 1444 1716 1544 1753; x_wconf 90' lang='lat' dir='ltr'><strong>nec</strong></span> <span class='ocrx_word' id='word_1_98' title='bbox 1577 1716 1769 1767; x_wconf 80' lang='lat' dir='ltr'><strong>preces</strong></span> 
     </span>
    </p>

    <p class='ocr_par' dir='ltr' id='par_1_18' title="bbox 510 1774 1590 1842">
     <span class='ocr_line' id='line_1_23' title="bbox 510 1774 1590 1842; baseline 0.002 -14"><span class='ocrx_word' id='word_1_99' title='bbox 510 1775 564 1828; x_wconf 88' lang='lat' dir='ltr'>N</span> <span class='ocrx_word' id='word_1_100' title='bbox 568 1791 629 1828; x_wconf 89' lang='lat' dir='ltr'><strong>ec</strong></span> <span class='ocrx_word' id='word_1_101' title='bbox 666 1775 869 1828; x_wconf 85' lang='lat' dir='ltr'><strong>tinctus</strong></span> <span class='ocrx_word' id='word_1_102' title='bbox 906 1775 1046 1827; x_wconf 74' lang='lat' dir='ltr'><strong>viola</strong></span> <span class='ocrx_word' id='word_1_103' title='bbox 1079 1774 1253 1842; x_wconf 85' lang='lat' dir='ltr'><strong>pallor</strong></span> <span class='ocrx_word' id='word_1_104' title='bbox 1290 1776 1590 1830; x_wconf 86' lang='lat' dir='ltr'><strong>amantium</strong></span> 
     </span>
    </p>

    <p class='ocr_par' dir='ltr' id='par_1_19' title="bbox 511 1849 1445 1994">
     <span class='ocr_line' id='line_1_24' title="bbox 511 1849 1445 1917; baseline 0 -14"><span class='ocrx_word' id='word_1_105' title='bbox 511 1849 630 1904; x_wconf 84' lang='lat' dir='ltr'><strong>Nec</strong></span> <span class='ocrx_word' id='word_1_106' title='bbox 665 1850 750 1902; x_wconf 84' lang='lat' dir='ltr'><strong>vir</strong></span> <span class='ocrx_word' id='word_1_107' title='bbox 786 1849 967 1901; x_wconf 79' lang='lat' dir='ltr'><strong>Pieria</strong></span> <span class='ocrx_word' id='word_1_108' title='bbox 1004 1850 1197 1917; x_wconf 85' lang='lat' dir='ltr'><strong>pellice</strong></span> <span class='ocrx_word' id='word_1_109' title='bbox 1234 1851 1445 1904; x_wconf 85' lang='lat' dir='ltr'><strong>saucius</strong></span> 
     </span>
     <span class='ocr_line' id='line_1_25' title="bbox 581 1925 1318 1994; baseline -0.001 -16"><span class='ocrx_word' id='word_1_110' title='bbox 581 1925 800 1991; x_wconf 84' lang='lat' dir='ltr'><strong>Curvat,</strong></span> <span class='ocrx_word' id='word_1_111' title='bbox 839 1925 1171 1994; x_wconf 86' lang='lat' dir='ltr'><strong>supplicibus</strong></span> <span class='ocrx_word' id='word_1_112' title='bbox 1208 1926 1318 1978; x_wconf 85' lang='lat' dir='ltr'><strong>tuis</strong></span> 
     </span>
    </p>

    <p class='ocr_par' dir='ltr' id='par_1_20' title="bbox 511 1998 1571 2067">
     <span class='ocr_line' id='line_1_26' title="bbox 511 1998 1571 2067; baseline 0 -14"><span class='ocrx_word' id='word_1_113' title='bbox 511 1998 725 2067; x_wconf 64' lang='lat' dir='ltr'><strong>Parcas»,</strong></span> <span class='ocrx_word' id='word_1_114' title='bbox 762 2017 863 2053; x_wconf 90' lang='lat' dir='ltr'><strong>nec</strong></span> <span class='ocrx_word' id='word_1_115' title='bbox 899 2000 1075 2067; x_wconf 82' lang='lat' dir='ltr'><strong>rigida</strong></span> <span class='ocrx_word' id='word_1_116' title='bbox 1111 2001 1322 2053; x_wconf 86' lang='lat' dir='ltr'><strong>mollior</strong></span> <span class='ocrx_word' id='word_1_117' title='bbox 1357 2001 1571 2054; x_wconf 87' lang='lat' dir='ltr'><strong>aesculo</strong></span> 
     </span>
    </p>

    <p class='ocr_par' dir='ltr' id='par_1_21' title="bbox 512 2075 1685 2143">
     <span class='ocr_line' id='line_1_27' title="bbox 512 2075 1685 2143; baseline 0 -15"><span class='ocrx_word' id='word_1_118' title='bbox 512 2075 631 2129; x_wconf 86' lang='lat' dir='ltr'><strong>Nec</strong></span> <span class='ocrx_word' id='word_1_119' title='bbox 668 2076 876 2129; x_wconf 87' lang='lat' dir='ltr'><strong>Mauris</strong></span> <span class='ocrx_word' id='word_1_120' title='bbox 912 2076 1152 2128; x_wconf 86' lang='lat' dir='ltr'><strong>animum</strong></span> <span class='ocrx_word' id='word_1_121' title='bbox 1187 2077 1371 2128; x_wconf 86' lang='lat' dir='ltr'><strong>mitior</strong></span> <span class='ocrx_word' id='word_1_122' title='bbox 1406 2077 1685 2143; x_wconf 60' lang='lat' dir='ltr'><strong>anguibus</strong></span> 
     </span>
    </p>

    <p class='ocr_par' dir='ltr' id='par_1_22' title="bbox 509 2151 1741 2295">
     <span class='ocr_line' id='line_1_28' title="bbox 509 2151 1741 2221; baseline -0.002 -16"><span class='ocrx_word' id='word_1_123' title='bbox 509 2151 634 2205; x_wconf 88' lang='lat' dir='ltr'><strong>Non</strong></span> <span class='ocrx_word' id='word_1_124' title='bbox 672 2151 773 2204; x_wconf 88' lang='lat' dir='ltr'><strong>hoc</strong></span> <span class='ocrx_word' id='word_1_125' title='bbox 809 2167 1025 2218; x_wconf 89' lang='lat' dir='ltr'><strong>semper</strong></span> <span class='ocrx_word' id='word_1_126' title='bbox 1059 2151 1169 2205; x_wconf 86' lang='lat' dir='ltr'><strong>erit</strong></span> <span class='ocrx_word' id='word_1_127' title='bbox 1202 2151 1402 2205; x_wconf 90' lang='lat' dir='ltr'><strong>liminis</strong></span> <span class='ocrx_word' id='word_1_128' title='bbox 1437 2157 1533 2205; x_wconf 86' lang='lat' dir='ltr'><strong>aut</strong></span> <span class='ocrx_word' id='word_1_129' title='bbox 1567 2167 1741 2221; x_wconf 87' lang='lat' dir='ltr'><strong>aquae</strong></span> 
     </span>
     <span class='ocr_line' id='line_1_29' title="bbox 582 2226 1293 2295; baseline 0 -15"><span class='ocrx_word' id='word_1_130' title='bbox 582 2226 849 2280; x_wconf 83' lang='lat' dir='ltr'><strong>Caelestis</strong></span> <span class='ocrx_word' id='word_1_131' title='bbox 882 2227 1100 2295; x_wconf 86' lang='lat' dir='ltr'><strong>patiens</strong></span> <span class='ocrx_word' id='word_1_132' title='bbox 1137 2227 1293 2280; x_wconf 73' lang='lat' dir='ltr'><strong>latus·</strong></span> 
     </span>
    </p>
   </div>
   <div class='ocr_carea' id='block_1_7' title="bbox 1031 2371 1135 2425">
    <p class='ocr_par' dir='ltr' id='par_1_23' title="bbox 1031 2371 1135 2425">
     <span class='ocr_line' id='line_1_30' title="bbox 1031 2371 1135 2425; baseline 0 -1"><span class='ocrx_word' id='word_1_133' title='bbox 1031 2371 1135 2425; x_wconf 89' lang='lat' dir='ltr'><strong>XI.</strong></span> 
     </span>
    </p>
   </div>
   <div class='ocr_carea' id='block_1_8' title="bbox 511 2452 1722 3198">
    <p class='ocr_par' dir='ltr' id='par_1_24' title="bbox 512 2452 1611 2521">
     <span class='ocr_line' id='line_1_31' title="bbox 512 2452 1611 2521; baseline 0 -13"><span class='ocrx_word' id='word_1_134' title='bbox 512 2454 989 2519; x_wconf 53' lang='lat' dir='ltr'><strong>Minimum-nam</strong></span> <span class='ocrx_word' id='word_1_135' title='bbox 1025 2457 1085 2507; x_wconf 87' lang='lat' dir='ltr'><strong>te</strong></span> <span class='ocrx_word' id='word_1_136' title='bbox 1124 2452 1315 2506; x_wconf 86' lang='lat' dir='ltr'><strong>docilis</strong></span> <span class='ocrx_word' id='word_1_137' title='bbox 1349 2453 1611 2521; x_wconf 82' lang='lat' dir='ltr'><strong>magistro</strong></span> 
     </span>
    </p>

    <p class='ocr_par' dir='ltr' id='par_1_25' title="bbox 512 2529 1615 2598">
     <span class='ocr_line' id='line_1_32' title="bbox 512 2529 1615 2598; baseline -0.001 -15"><span class='ocrx_word' id='word_1_138' title='bbox 512 2530 689 2583; x_wconf 81' lang='lat' dir='ltr'><strong>Movit</strong></span> <span class='ocrx_word' id='word_1_139' title='bbox 727 2530 1003 2597; x_wconf 78' lang='lat' dir='ltr'><strong>Amphion</strong></span> <span class='ocrx_word' id='word_1_140' title='bbox 1039 2529 1251 2598; x_wconf 83' lang='lat' dir='ltr'><strong>lapides</strong></span> <span class='ocrx_word' id='word_1_141' title='bbox 1286 2531 1615 2598; x_wconf 75' lang='lat' dir='ltr'><strong>canende,—</strong></span> 
     </span>
    </p>

    <p class='ocr_par' dir='ltr' id='par_1_26' title="bbox 513 2604 1500 2747">
     <span class='ocr_line' id='line_1_33' title="bbox 513 2604 1500 2673; baseline 0.001 -17"><span class='ocrx_word' id='word_1_142' title='bbox 513 2604 703 2673; x_wconf 81' lang='lat' dir='ltr'><strong>Tuque</strong></span> <span class='ocrx_word' id='word_1_143' title='bbox 739 2604 962 2657; x_wconf 84' lang='lat' dir='ltr'><strong>testudo</strong></span> <span class='ocrx_word' id='word_1_144' title='bbox 997 2620 1251 2657; x_wconf 81' lang='lat' dir='ltr'><strong>resonare</strong></span> <span class='ocrx_word' id='word_1_145' title='bbox 1288 2607 1500 2672; x_wconf 84' lang='lat' dir='ltr'><strong>septem</strong></span> 
     </span>
     <span class='ocr_line' id='line_1_34' title="bbox 582 2679 1024 2747; baseline -0.007 -14"><span class='ocrx_word' id='word_1_146' title='bbox 582 2679 795 2733; x_wconf 85' lang='lat' dir='ltr'><strong>Callida</strong></span> <span class='ocrx_word' id='word_1_147' title='bbox 829 2680 1024 2747; x_wconf 82' lang='lat' dir='ltr'><strong>nerviS,</strong></span> 
     </span>
    </p>

    <p class='ocr_par' dir='ltr' id='par_1_27' title="bbox 511 2754 1722 2829">
     <span class='ocr_line' id='line_1_35' title="bbox 511 2754 1722 2829; baseline 0.002 -21"><span class='ocrx_word' id='word_1_148' title='bbox 511 2754 564 2808; x_wconf 86' lang='lat' dir='ltr'>N</span> <span class='ocrx_word' id='word_1_149' title='bbox 569 2771 631 2808; x_wconf 89' lang='lat' dir='ltr'><strong>ec</strong></span> <span class='ocrx_word' id='word_1_150' title='bbox 667 2755 867 2824; x_wconf 86' lang='lat' dir='ltr'><strong>loquax</strong></span> <span class='ocrx_word' id='word_1_151' title='bbox 902 2754 1030 2807; x_wconf 85' lang='lat' dir='ltr'><strong>olim</strong></span> <span class='ocrx_word' id='word_1_152' title='bbox 1065 2771 1242 2829; x_wconf 84' lang='lat' dir='ltr'><strong>neque</strong></span> <span class='ocrx_word' id='word_1_153' title='bbox 1278 2758 1448 2822; x_wconf 84' lang='lat' dir='ltr'><strong>grata,</strong></span> <span class='ocrx_word' id='word_1_154' title='bbox 1485 2772 1626 2809; x_wconf 72' lang='lat' dir='ltr'><strong>nime</strong></span> <span class='ocrx_word' id='word_1_155' title='bbox 1662 2761 1722 2810; x_wconf 89' lang='lat' dir='ltr'><strong>ct</strong></span> 
     </span>
    </p>

    <p class='ocr_par' dir='ltr' id='par_1_28' title="bbox 512 2829 1567 2898">
     <span class='ocr_line' id='line_1_36' title="bbox 512 2829 1567 2898; baseline -0.001 -15"><span class='ocrx_word' id='word_1_156' title='bbox 512 2829 760 2883; x_wconf 84' lang='lat' dir='ltr'><strong>Divitum</strong></span> <span class='ocrx_word' id='word_1_157' title='bbox 795 2831 997 2883; x_wconf 85' lang='lat' dir='ltr'><strong>mensis</strong></span> <span class='ocrx_word' id='word_1_158' title='bbox 1033 2834 1092 2883; x_wconf 89' lang='lat' dir='ltr'><strong>et</strong></span> <span class='ocrx_word' id='word_1_159' title='bbox 1127 2831 1299 2884; x_wconf 86' lang='lat' dir='ltr'><strong>amica</strong></span> <span class='ocrx_word' id='word_1_160' title='bbox 1333 2831 1567 2898; x_wconf 79' lang='lat' dir='ltr'><strong>templiS‚</strong></span> 
     </span>
    </p>

    <p class='ocr_par' dir='ltr' id='par_1_29' title="bbox 512 2904 1597 3049">
     <span class='ocr_line' id='line_1_37' title="bbox 512 2904 1597 2973; baseline 0.001 -15"><span class='ocrx_word' id='word_1_161' title='bbox 512 2904 616 2958; x_wconf 91' lang='lat' dir='ltr'><strong>Dic</strong></span> <span class='ocrx_word' id='word_1_162' title='bbox 650 2905 840 2958; x_wconf 84' lang='lat' dir='ltr'><strong>modos</strong></span> <span class='ocrx_word' id='word_1_163' title='bbox 877 2905 1028 2973; x_wconf 77' lang='lat' dir='ltr'><strong>Lyde</strong></span> <span class='ocrx_word' id='word_1_164' title='bbox 1065 2905 1263 2973; x_wconf 84' lang='lat' dir='ltr'><strong>quibus</strong></span> <span class='ocrx_word' id='word_1_165' title='bbox 1298 2906 1597 2959; x_wconf 78' lang='lat' dir='ltr'><strong>obstinatas</strong></span> 
     </span>
     <span class='ocr_line' id='line_1_38' title="bbox 582 2981 1052 3049; baseline 0 -17"><span class='ocrx_word' id='word_1_166' title='bbox 582 2981 844 3049; x_wconf 86' lang='lat' dir='ltr'><strong>Applicet</strong></span> <span class='ocrx_word' id='word_1_167' title='bbox 878 2998 1052 3047; x_wconf 79' lang='lat' dir='ltr'><strong>aureS,</strong></span> 
     </span>
    </p>

    <p class='ocr_par' dir='ltr' id='par_1_30' title="bbox 514 3054 1626 3125">
     <span class='ocr_line' id='line_1_39' title="bbox 514 3054 1626 3125; baseline 0.004 -18"><span class='ocrx_word' id='word_1_168' title='bbox 514 3055 665 3118; x_wconf 83' lang='lat' dir='ltr'><strong>Quae</strong></span> <span class='ocrx_word' id='word_1_169' title='bbox 699 3054 849 3107; x_wconf 81' lang='lat' dir='ltr'><strong>velut</strong></span> <span class='ocrx_word' id='word_1_170' title='bbox 884 3055 1009 3108; x_wconf 86' lang='lat' dir='ltr'><strong>latis</strong></span> <span class='ocrx_word' id='word_1_171' title='bbox 1046 3071 1188 3122; x_wconf 87' lang='lat' dir='ltr'><strong>equa</strong></span> <span class='ocrx_word' id='word_1_172' title='bbox 1222 3056 1387 3107; x_wconf 83' lang='lat' dir='ltr'><strong>trima</strong></span> <span class='ocrx_word' id='word_1_173' title='bbox 1422 3057 1626 3125; x_wconf 83' lang='lat' dir='ltr'><strong>campis</strong></span> 
     </span>
    </p>

    <p class='ocr_par' dir='ltr' id='par_1_31' title="bbox 512 3127 1504 3198">
     <span class='ocr_line' id='line_1_40' title="bbox 512 3127 1504 3198; baseline -0.003 -14"><span class='ocrx_word' id='word_1_174' title='bbox 512 3127 683 3184; x_wconf 81' lang='lat' dir='ltr'><strong>Ludit</strong></span> <span class='ocrx_word' id='word_1_175' title='bbox 719 3130 974 3183; x_wconf 81' lang='lat' dir='ltr'><strong>exsultim</strong></span> <span class='ocrx_word' id='word_1_176' title='bbox 1009 3131 1317 3198; x_wconf 79' lang='lat' dir='ltr'><strong>metuitque</strong></span> <span class='ocrx_word' id='word_1_177' title='bbox 1352 3132 1504 3195; x_wconf 68' lang='lat' dir='ltr'><strong>tangi</strong></span> 
     </span>
    </p>
   </div>
   <div class='ocr_carea' id='block_1_9' title="bbox 1889 1490 1933 1529">
    <p class='ocr_par' dir='ltr' id='par_1_32' title="bbox 1889 1490 1933 1529">
     <span class='ocr_line' id='line_1_41' title="bbox 1889 1490 1933 1529; baseline -0.023 0"><span class='ocrx_word' id='word_1_178' title='bbox 1889 1490 1933 1529; x_wconf 81' lang='lat'><strong>10</strong></span> 
     </span>
    </p>
   </div>
   <div class='ocr_carea' id='block_1_10' title="bbox 1893 1864 1935 1903">
    <p class='ocr_par' dir='ltr' id='par_1_33' title="bbox 1893 1864 1935 1903">
     <span class='ocr_line' id='line_1_42' title="bbox 1893 1864 1935 1903; baseline 0 0"><span class='ocrx_word' id='word_1_179' title='bbox 1893 1864 1935 1903; x_wconf 82' lang='lat'><strong>15</strong></span> 
     </span>
    </p>
   </div>
   <div class='ocr_carea' id='block_1_11' title="bbox 1892 3148 1935 3186">
    <p class='ocr_par' dir='ltr' id='par_1_34' title="bbox 1892 3148 1935 3186">
     <span class='ocr_line' id='line_1_43' title="bbox 1892 3148 1935 3186; baseline 0 0"><span class='ocrx_word' id='word_1_180' title='bbox 1892 3148 1935 3186; x_wconf 77' lang='lat'><strong>10</strong></span> 
     </span>
    </p>
   </div>
  </div>
 </body>
</html>
