<?xml version="1.0" encoding="UTF-8"?>
<!DOCTYPE html PUBLIC "-//W3C//DTD XHTML 1.0 Transitional//EN"
    "http://www.w3.org/TR/xhtml1/DTD/xhtml1-transitional.dtd">
<html xmlns="http://www.w3.org/1999/xhtml" xml:lang="en" lang="en">
 <head>
  <title>
</title>
<meta http-equiv="Content-Type" content="text/html;charset=utf-8" />
  <meta name='ocr-system' content='tesseract 3.04.00' />
  <meta name='ocr-capabilities' content='ocr_page ocr_carea ocr_par ocr_line ocrx_word'/>
</head>
<body>
  <div class='ocr_page' id='page_1' title='image "./quintihoratiifl02longgoog_0205.png"; bbox 0 0 2217 3559; ppageno 0'>
   <div class='ocr_carea' id='block_1_1' title="bbox 756 107 1947 159">
    <p class='ocr_par' dir='ltr' id='par_1_1' title="bbox 756 107 1947 159">
     <span class='ocr_line' id='line_1_1' title="bbox 756 107 1947 159; baseline 0.003 -4"><span class='ocrx_word' id='word_1_1' title='bbox 756 107 1266 157; x_wconf 82' lang='lat' dir='ltr'><strong>EPISTULARUM</strong></span> <span class='ocrx_word' id='word_1_2' title='bbox 1300 109 1344 157; x_wconf 90' lang='lat' dir='ltr'><strong>I.</strong></span> <span class='ocrx_word' id='word_1_3' title='bbox 1386 111 1436 159; x_wconf 78' lang='lat'><strong>3.</strong></span> <span class='ocrx_word' id='word_1_4' title='bbox 1852 110 1947 158; x_wconf 77' lang='lat'><strong>163</strong></span> 
     </span>
    </p>
   </div>
   <div class='ocr_carea' id='block_1_2' title="bbox 30 183 2013 2678">
    <p class='ocr_par' dir='ltr' id='par_1_2' title="bbox 30 183 2013 2678">
     <span class='ocr_line' id='line_1_2' title="bbox 178 183 1888 256; baseline 0.001 -17"><span class='ocrx_word' id='word_1_5' title='bbox 178 183 314 240; x_wconf 72' lang='lat' dir='ltr'><strong>Est</strong></span> <span class='ocrx_word' id='word_1_6' title='bbox 362 187 614 239; x_wconf 83' lang='lat' dir='ltr'><strong>animum</strong></span> <span class='ocrx_word' id='word_1_7' title='bbox 654 186 842 240; x_wconf 87' lang='lat' dir='ltr'><strong>differs</strong></span> <span class='ocrx_word' id='word_1_8' title='bbox 877 188 1105 241; x_wconf 80' lang='lat' dir='ltr'><strong>curandi</strong></span> <span class='ocrx_word' id='word_1_9' title='bbox 1140 192 1358 256; x_wconf 84' lang='lat' dir='ltr'><strong>tempus</strong></span> <span class='ocrx_word' id='word_1_10' title='bbox 1393 187 1450 243; x_wconf 90' lang='lat' dir='ltr'><strong>in</strong></span> <span class='ocrx_word' id='word_1_11' title='bbox 1488 189 1728 241; x_wconf 75' lang='lat' dir='ltr'><strong>anuum?</strong></span> <span class='ocrx_word' id='word_1_12' title='bbox 1852 205 1888 216; x_wconf 69' lang='lat'><strong>‘</strong></span> 
     </span>
     <span class='ocr_line' id='line_1_3' title="bbox 175 257 1946 332; baseline 0.003 -18"><span class='ocrx_word' id='word_1_13' title='bbox 175 257 536 316; x_wconf 85' lang='lat' dir='ltr'><strong>Dimidium</strong></span> <span class='ocrx_word' id='word_1_14' title='bbox 570 263 700 315; x_wconf 84' lang='lat' dir='ltr'><strong>facti</strong></span> <span class='ocrx_word' id='word_1_15' title='bbox 737 264 830 331; x_wconf 85' lang='lat' dir='ltr'><strong>qni</strong></span> <span class='ocrx_word' id='word_1_16' title='bbox 867 264 1048 332; x_wconf 79' lang='lat' dir='ltr'><strong>coepit</strong></span> <span class='ocrx_word' id='word_1_17' title='bbox 1080 263 1278 329; x_wconf 82' lang='lat' dir='ltr'><strong>habet3</strong></span> <span class='ocrx_word' id='word_1_18' title='bbox 1316 279 1507 330; x_wconf 84' lang='lat' dir='ltr'>sapere</span> <span class='ocrx_word' id='word_1_19' title='bbox 1542 263 1684 317; x_wconf 86' lang='lat' dir='ltr'><strong>ande</strong></span> <span class='ocrx_word' id='word_1_20' title='bbox 1697 283 1715 329; x_wconf 81' lang='lat'>3</span> <span class='ocrx_word' id='word_1_21' title='bbox 1899 279 1946 320; x_wconf 62' lang='grc' dir='ltr'><strong>ιο</strong></span> 
     </span>
     <span class='ocr_line' id='line_1_4' title="bbox 177 336 1582 408; baseline 0.001 -18"><span class='ocrx_word' id='word_1_22' title='bbox 177 336 440 406; x_wconf 82' lang='lat' dir='ltr'><strong>Incipe.</strong></span> <span class='ocrx_word' id='word_1_23' title='bbox 515 338 621 402; x_wconf 83' lang='lat' dir='ltr'><strong>Qui</strong></span> <span class='ocrx_word' id='word_1_24' title='bbox 659 343 809 391; x_wconf 85' lang='lat' dir='ltr'><strong>recte</strong></span> <span class='ocrx_word' id='word_1_25' title='bbox 843 339 1062 392; x_wconf 87' lang='lat' dir='ltr'><strong>vivendi</strong></span> <span class='ocrx_word' id='word_1_26' title='bbox 1099 342 1358 408; x_wconf 84' lang='lat' dir='ltr'><strong>prorogat</strong></span> <span class='ocrx_word' id='word_1_27' title='bbox 1391 339 1582 392; x_wconf 86' lang='lat' dir='ltr'><strong>horam</strong></span> 
     </span>
     <span class='ocr_line' id='line_1_5' title="bbox 184 412 1695 481; baseline 0.002 -16"><span class='ocrx_word' id='word_1_28' title='bbox 184 412 498 467; x_wconf 77' lang='lat' dir='ltr'><strong>Rusticus</strong></span> <span class='ocrx_word' id='word_1_29' title='bbox 535 417 819 481; x_wconf 83' lang='lat' dir='ltr'><strong>exspectat</strong></span> <span class='ocrx_word' id='word_1_30' title='bbox 854 414 986 466; x_wconf 89' lang='lat' dir='ltr'><strong>dum</strong></span> <span class='ocrx_word' id='word_1_31' title='bbox 1024 414 1233 469; x_wconf 88' lang='lat' dir='ltr'><strong>defluat</strong></span> <span class='ocrx_word' id='word_1_32' title='bbox 1267 415 1442 468; x_wconf 86' lang='lat' dir='ltr'><strong>amnis</strong></span> <span class='ocrx_word' id='word_1_33' title='bbox 1458 436 1472 480; x_wconf 91' lang='lat'>;</span> <span class='ocrx_word' id='word_1_34' title='bbox 1507 418 1568 468; x_wconf 89' lang='lat' dir='ltr'><strong>at</strong></span> <span class='ocrx_word' id='word_1_35' title='bbox 1600 414 1695 469; x_wconf 91' lang='lat' dir='ltr'><strong>ille</strong></span> 
     </span>
     <span class='ocr_line' id='line_1_6' title="bbox 184 487 1634 560; baseline 0.002 -20"><span class='ocrx_word' id='word_1_36' title='bbox 184 487 464 541; x_wconf 74' lang='lat' dir='ltr'><strong>Labitur</strong></span> <span class='ocrx_word' id='word_1_37' title='bbox 500 492 559 541; x_wconf 90' lang='lat' dir='ltr'><strong>et</strong></span> <span class='ocrx_word' id='word_1_38' title='bbox 594 488 816 542; x_wconf 85' lang='lat' dir='ltr'><strong>labetur</strong></span> <span class='ocrx_word' id='word_1_39' title='bbox 849 490 906 541; x_wconf 90' lang='lat' dir='ltr'><strong>in</strong></span> <span class='ocrx_word' id='word_1_40' title='bbox 944 506 1103 542; x_wconf 88' lang='lat' dir='ltr'><strong>omne</strong></span> <span class='ocrx_word' id='word_1_41' title='bbox 1140 489 1391 543; x_wconf 86' lang='lat' dir='ltr'><strong>volubilis</strong></span> <span class='ocrx_word' id='word_1_42' title='bbox 1426 506 1634 560; x_wconf 81' lang='lat' dir='ltr'><strong>aevum.</strong></span> 
     </span>
     <span class='ocr_line' id='line_1_7' title="bbox 186 563 1672 633; baseline 0.001 -17"><span class='ocrx_word' id='word_1_43' title='bbox 186 563 531 625; x_wconf 78' lang='lat' dir='ltr'><strong>Quaeritur</strong></span> <span class='ocrx_word' id='word_1_44' title='bbox 566 568 855 631; x_wconf 84' lang='lat' dir='ltr'><strong>argentum</strong></span> <span class='ocrx_word' id='word_1_45' title='bbox 892 565 1188 633; x_wconf 86' lang='lat' dir='ltr'><strong>puerisque</strong></span> <span class='ocrx_word' id='word_1_46' title='bbox 1222 565 1386 619; x_wconf 84' lang='lat' dir='ltr'><strong>beata</strong></span> <span class='ocrx_word' id='word_1_47' title='bbox 1419 566 1672 619; x_wconf 81' lang='lat' dir='ltr'><strong>creandis</strong></span> 
     </span>
     <span class='ocr_line' id='line_1_8' title="bbox 194 637 1949 709; baseline 0 -18"><span class='ocrx_word' id='word_1_48' title='bbox 194 637 403 704; x_wconf 81' lang='lat' dir='ltr'><strong>Uxor,</strong></span> <span class='ocrx_word' id='word_1_49' title='bbox 444 644 504 693; x_wconf 91' lang='lat' dir='ltr'><strong>et</strong></span> <span class='ocrx_word' id='word_1_50' title='bbox 539 639 779 693; x_wconf 80' lang='lat' dir='ltr'><strong>incultae</strong></span> <span class='ocrx_word' id='word_1_51' title='bbox 814 646 1081 709; x_wconf 82' lang='lat' dir='ltr'><strong>pacantur</strong></span> <span class='ocrx_word' id='word_1_52' title='bbox 1116 657 1335 694; x_wconf 81' lang='lat' dir='ltr'><strong>vomere</strong></span> <span class='ocrx_word' id='word_1_53' title='bbox 1371 642 1567 695; x_wconf 79' lang='lat' dir='ltr'><strong>silvae:</strong></span> <span class='ocrx_word' id='word_1_54' title='bbox 1902 655 1949 691; x_wconf 63' lang='lat' dir='ltr'><strong>ta</strong></span> 
     </span>
     <span class='ocr_line' id='line_1_9' title="bbox 195 714 1753 785; baseline 0.003 -18"><span class='ocrx_word' id='word_1_55' title='bbox 195 714 392 777; x_wconf 75' lang='lat' dir='ltr'><strong>Quod</strong></span> <span class='ocrx_word' id='word_1_56' title='bbox 428 716 566 768; x_wconf 86' lang='lat' dir='ltr'><strong>satis</strong></span> <span class='ocrx_word' id='word_1_57' title='bbox 601 719 687 768; x_wconf 85' lang='lat' dir='ltr'><strong>est</strong></span> <span class='ocrx_word' id='word_1_58' title='bbox 721 716 808 769; x_wconf 90' lang='lat' dir='ltr'><strong>cui</strong></span> <span class='ocrx_word' id='word_1_59' title='bbox 844 717 1109 783; x_wconf 83' lang='lat' dir='ltr'><strong>contingit</strong></span> <span class='ocrx_word' id='word_1_60' title='bbox 1144 716 1279 768; x_wconf 87' lang='lat' dir='ltr'><strong>nihil</strong></span> <span class='ocrx_word' id='word_1_61' title='bbox 1315 717 1546 783; x_wconf 84' lang='lat' dir='ltr'><strong>amplius</strong></span> <span class='ocrx_word' id='word_1_62' title='bbox 1581 720 1753 785; x_wconf 90' lang='lat' dir='ltr'><strong>optet.</strong></span> 
     </span>
     <span class='ocr_line' id='line_1_10' title="bbox 199 790 1765 858; baseline 0.001 -15"><span class='ocrx_word' id='word_1_63' title='bbox 199 790 350 843; x_wconf 86' lang='lat' dir='ltr'><strong>Non</strong></span> <span class='ocrx_word' id='word_1_64' title='bbox 394 790 594 844; x_wconf 87' lang='lat' dir='ltr'><strong>domus</strong></span> <span class='ocrx_word' id='word_1_65' title='bbox 629 795 689 844; x_wconf 87' lang='lat' dir='ltr'><strong>et</strong></span> <span class='ocrx_word' id='word_1_66' title='bbox 724 791 938 858; x_wconf 76' lang='lat' dir='ltr'><strong>funduS,</strong></span> <span class='ocrx_word' id='word_1_67' title='bbox 974 809 1082 844; x_wconf 88' lang='lat' dir='ltr'><strong>non</strong></span> <span class='ocrx_word' id='word_1_68' title='bbox 1119 792 1261 845; x_wconf 85' lang='lat' dir='ltr'><strong>aeris</strong></span> <span class='ocrx_word' id='word_1_69' title='bbox 1295 809 1521 845; x_wconf 84' lang='lat' dir='ltr'><strong>acervus</strong></span> <span class='ocrx_word' id='word_1_70' title='bbox 1555 797 1614 846; x_wconf 87' lang='lat' dir='ltr'><strong>et</strong></span> <span class='ocrx_word' id='word_1_71' title='bbox 1646 792 1765 844; x_wconf 82' lang='lat' dir='ltr'><strong>auri</strong></span> 
     </span>
     <span class='ocr_line' id='line_1_11' title="bbox 202 866 1497 935; baseline 0.001 -17"><span class='ocrx_word' id='word_1_72' title='bbox 202 869 485 933; x_wconf 78' lang='lat' dir='ltr'><strong>Aegroto</strong></span> <span class='ocrx_word' id='word_1_73' title='bbox 521 866 729 919; x_wconf 84' lang='lat' dir='ltr'><strong>domini</strong></span> <span class='ocrx_word' id='word_1_74' title='bbox 766 866 999 921; x_wconf 85' lang='lat' dir='ltr'><strong>deduxit</strong></span> <span class='ocrx_word' id='word_1_75' title='bbox 1039 884 1267 935; x_wconf 86' lang='lat' dir='ltr'><strong>corporo</strong></span> <span class='ocrx_word' id='word_1_76' title='bbox 1300 868 1497 933; x_wconf 68' lang='lat' dir='ltr'><strong>sebreS,</strong></span> 
     </span>
     <span class='ocr_line' id='line_1_12' title="bbox 203 940 1625 1012; baseline 0.002 -19"><span class='ocrx_word' id='word_1_77' title='bbox 203 940 353 994; x_wconf 85' lang='lat' dir='ltr'><strong>Non</strong></span> <span class='ocrx_word' id='word_1_78' title='bbox 392 942 578 995; x_wconf 89' lang='lat' dir='ltr'><strong>animo</strong></span> <span class='ocrx_word' id='word_1_79' title='bbox 613 960 785 996; x_wconf 81' lang='lat' dir='ltr'><strong>curas.</strong></span> <span class='ocrx_word' id='word_1_80' title='bbox 859 943 1056 996; x_wconf 82' lang='lat' dir='ltr'><strong>Valeat</strong></span> <span class='ocrx_word' id='word_1_81' title='bbox 1088 959 1371 1011; x_wconf 77' lang='lat' dir='ltr'><strong>possessor</strong></span> <span class='ocrx_word' id='word_1_82' title='bbox 1405 945 1625 1012; x_wconf 84' lang='lat' dir='ltr'><strong>oportet</strong></span> 
     </span>
     <span class='ocr_line' id='line_1_13' title="bbox 207 1018 1950 1086; baseline 0.001 -17"><span class='ocrx_word' id='word_1_83' title='bbox 207 1018 282 1070; x_wconf 80' lang='lat' dir='ltr'><strong>Si</strong></span> <span class='ocrx_word' id='word_1_84' title='bbox 319 1019 683 1086; x_wconf 84' lang='lat' dir='ltr'><strong>comportatis</strong></span> <span class='ocrx_word' id='word_1_85' title='bbox 717 1018 881 1072; x_wconf 90' lang='lat' dir='ltr'><strong>rebus</strong></span> <span class='ocrx_word' id='word_1_86' title='bbox 915 1018 1056 1072; x_wconf 88' lang='lat' dir='ltr'><strong>bene</strong></span> <span class='ocrx_word' id='word_1_87' title='bbox 1091 1019 1298 1086; x_wconf 77' lang='lat' dir='ltr'><strong>cogitat</strong></span> <span class='ocrx_word' id='word_1_88' title='bbox 1330 1018 1428 1071; x_wconf 87' lang='lat' dir='ltr'><strong>uti.</strong></span> <span class='ocrx_word' id='word_1_89' title='bbox 1903 1032 1950 1070; x_wconf 70' lang='lat'><strong>5³</strong></span> 
     </span>
     <span class='ocr_line' id='line_1_14' title="bbox 213 1092 1841 1162; baseline -0.001 -17"><span class='ocrx_word' id='word_1_90' title='bbox 213 1092 335 1156; x_wconf 81' lang='lat' dir='ltr'><strong>Qui</strong></span> <span class='ocrx_word' id='word_1_91' title='bbox 376 1094 534 1161; x_wconf 88' lang='lat' dir='ltr'><strong>cupit</strong></span> <span class='ocrx_word' id='word_1_92' title='bbox 569 1098 666 1148; x_wconf 87' lang='lat' dir='ltr'><strong>aut</strong></span> <span class='ocrx_word' id='word_1_93' title='bbox 701 1095 900 1148; x_wconf 86' lang='lat' dir='ltr'><strong>metuit</strong></span> <span class='ocrx_word' id='word_1_94' title='bbox 926 1093 1088 1162; x_wconf 86' lang='lat' dir='ltr'><strong>juvat</strong></span> <span class='ocrx_word' id='word_1_95' title='bbox 1122 1094 1278 1146; x_wconf 91' lang='lat' dir='ltr'><strong>illum</strong></span> <span class='ocrx_word' id='word_1_96' title='bbox 1315 1094 1394 1146; x_wconf 89' lang='lat' dir='ltr'><strong>sic</strong></span> <span class='ocrx_word' id='word_1_97' title='bbox 1429 1094 1623 1147; x_wconf 88' lang='lat' dir='ltr'><strong>domus</strong></span> <span class='ocrx_word' id='word_1_98' title='bbox 1659 1097 1722 1147; x_wconf 89' lang='lat' dir='ltr'><strong>et</strong></span> <span class='ocrx_word' id='word_1_99' title='bbox 1752 1110 1841 1146; x_wconf 75' lang='lat' dir='ltr'><strong>res</strong></span> 
     </span>
     <span class='ocr_line' id='line_1_15' title="bbox 215 1168 1679 1239; baseline -0.001 -17"><span class='ocrx_word' id='word_1_100' title='bbox 215 1168 307 1222; x_wconf 89' lang='lat' dir='ltr'><strong>Ut</strong></span> <span class='ocrx_word' id='word_1_101' title='bbox 345 1168 564 1238; x_wconf 72' lang='lat' dir='ltr'><strong>lippum</strong></span> <span class='ocrx_word' id='word_1_102' title='bbox 600 1170 782 1239; x_wconf 79' lang='lat' dir='ltr'><strong>pictae</strong></span> <span class='ocrx_word' id='word_1_103' title='bbox 817 1169 1051 1237; x_wconf 82' lang='lat' dir='ltr'><strong>tabulae,</strong></span> <span class='ocrx_word' id='word_1_104' title='bbox 1087 1170 1332 1222; x_wconf 84' lang='lat' dir='ltr'><strong>fomenta</strong></span> <span class='ocrx_word' id='word_1_105' title='bbox 1366 1169 1679 1236; x_wconf 78' lang='lat' dir='ltr'><strong>podagram,</strong></span> 
     </span>
     <span class='ocr_line' id='line_1_16' title="bbox 223 1243 1569 1299; baseline 0 -1"><span class='ocrx_word' id='word_1_106' title='bbox 223 1244 531 1298; x_wconf 86' lang='lat' dir='ltr'><strong>Auriculas</strong></span> <span class='ocrx_word' id='word_1_107' title='bbox 566 1246 810 1299; x_wconf 77' lang='lat' dir='ltr'><strong>citharae</strong></span> <span class='ocrx_word' id='word_1_108' title='bbox 845 1246 1072 1299; x_wconf 89' lang='lat' dir='ltr'><strong>collecta</strong></span> <span class='ocrx_word' id='word_1_109' title='bbox 1107 1245 1269 1298; x_wconf 89' lang='lat' dir='ltr'><strong>sorde</strong></span> <span class='ocrx_word' id='word_1_110' title='bbox 1307 1243 1569 1299; x_wconf 79' lang='lat' dir='ltr'><strong>dolentes,</strong></span> 
     </span>
     <span class='ocr_line' id='line_1_17' title="bbox 224 1320 1843 1390; baseline 0.001 -18"><span class='ocrx_word' id='word_1_111' title='bbox 224 1320 525 1374; x_wconf 65' lang='lat' dir='ltr'><strong>sincerum</strong></span> <span class='ocrx_word' id='word_1_112' title='bbox 561 1325 647 1374; x_wconf 89' lang='lat' dir='ltr'><strong>est</strong></span> <span class='ocrx_word' id='word_1_113' title='bbox 683 1322 787 1374; x_wconf 90' lang='lat' dir='ltr'><strong>nisi</strong></span> <span class='ocrx_word' id='word_1_114' title='bbox 821 1338 916 1374; x_wconf 86' lang='lat' dir='ltr'><strong>vas</strong></span> <span class='ocrx_word' id='word_1_115' title='bbox 952 1321 1317 1390; x_wconf 86' lang='lat' dir='ltr'><strong>quodcunque</strong></span> <span class='ocrx_word' id='word_1_116' title='bbox 1352 1320 1596 1373; x_wconf 88' lang='lat' dir='ltr'><strong>infundis</strong></span> <span class='ocrx_word' id='word_1_117' title='bbox 1629 1321 1843 1374; x_wconf 85' lang='lat' dir='ltr'><strong>acescit.</strong></span> 
     </span>
     <span class='ocr_line' id='line_1_18' title="bbox 226 1396 2013 1465; baseline -0.001 -15"><span class='ocrx_word' id='word_1_118' title='bbox 226 1396 449 1464; x_wconf 81' lang='lat' dir='ltr'><strong>Sperne</strong></span> <span class='ocrx_word' id='word_1_119' title='bbox 483 1397 806 1465; x_wconf 52' lang='lat' dir='ltr'><strong>voluptates</strong></span> <span class='ocrx_word' id='word_1_120' title='bbox 839 1404 1003 1450; x_wconf 87' lang='lat' dir='ltr'><strong>nocet</strong></span> <span class='ocrx_word' id='word_1_121' title='bbox 1039 1400 1225 1464; x_wconf 84' lang='lat' dir='ltr'><strong>empta</strong></span> <span class='ocrx_word' id='word_1_122' title='bbox 1262 1396 1448 1449; x_wconf 86' lang='lat' dir='ltr'><strong>dolore</strong></span> <span class='ocrx_word' id='word_1_123' title='bbox 1486 1397 1751 1464; x_wconf 80' lang='lat' dir='ltr'><strong>voluptas,</strong></span> <span class='ocrx_word' id='word_1_124' title='bbox 1906 1412 1952 1449; x_wconf 73' lang='lat'><strong>55</strong></span> <span class='ocrx_word' id='word_1_125' title='bbox 2008 1432 2013 1437; x_wconf 92' lang='lat'><em>-</em></span> 
     </span>
     <span class='ocr_line' id='line_1_19' title="bbox 233 1472 1683 1540; baseline 0 -15"><span class='ocrx_word' id='word_1_126' title='bbox 233 1472 475 1540; x_wconf 84' lang='lat' dir='ltr'><strong>Semper</strong></span> <span class='ocrx_word' id='word_1_127' title='bbox 509 1489 704 1525; x_wconf 85' lang='lat' dir='ltr'><strong>avarus</strong></span> <span class='ocrx_word' id='word_1_128' title='bbox 739 1477 889 1540; x_wconf 84' lang='lat' dir='ltr'><strong>eget:</strong></span> <span class='ocrx_word' id='word_1_129' title='bbox 924 1477 1137 1527; x_wconf 85' lang='lat' dir='ltr'><strong>certum</strong></span> <span class='ocrx_word' id='word_1_130' title='bbox 1172 1475 1300 1526; x_wconf 80' lang='lat' dir='ltr'><strong>voto</strong></span> <span class='ocrx_word' id='word_1_131' title='bbox 1334 1476 1465 1540; x_wconf 89' lang='lat' dir='ltr'><strong>pete</strong></span> <span class='ocrx_word' id='word_1_132' title='bbox 1500 1472 1683 1525; x_wconf 87' lang='lat' dir='ltr'><strong>finem.</strong></span> 
     </span>
     <span class='ocr_line' id='line_1_20' title="bbox 234 1547 1516 1617; baseline 0.001 -18"><span class='ocrx_word' id='word_1_133' title='bbox 234 1547 472 1600; x_wconf 82' lang='lat' dir='ltr'><strong>Invidus</strong></span> <span class='ocrx_word' id='word_1_134' title='bbox 506 1548 733 1601; x_wconf 83' lang='lat' dir='ltr'><strong>alterius</strong></span> <span class='ocrx_word' id='word_1_135' title='bbox 770 1549 1055 1602; x_wconf 83' lang='lat' dir='ltr'><strong>macrescit</strong></span> <span class='ocrx_word' id='word_1_136' title='bbox 1090 1548 1258 1602; x_wconf 88' lang='lat' dir='ltr'><strong>rebus</strong></span> <span class='ocrx_word' id='word_1_137' title='bbox 1292 1548 1516 1617; x_wconf 90' lang='lat' dir='ltr'><strong>opimis;</strong></span> 
     </span>
     <span class='ocr_line' id='line_1_21' title="bbox 237 1622 1355 1693; baseline 0.002 -19"><span class='ocrx_word' id='word_1_138' title='bbox 237 1622 462 1675; x_wconf 87' lang='lat' dir='ltr'><strong>Invidia</strong></span> <span class='ocrx_word' id='word_1_139' title='bbox 495 1623 661 1677; x_wconf 87' lang='lat' dir='ltr'><strong>Siculi</strong></span> <span class='ocrx_word' id='word_1_140' title='bbox 697 1641 806 1677; x_wconf 88' lang='lat' dir='ltr'><strong>non</strong></span> <span class='ocrx_word' id='word_1_141' title='bbox 842 1626 1100 1678; x_wconf 86' lang='lat' dir='ltr'><strong>invenere</strong></span> <span class='ocrx_word' id='word_1_142' title='bbox 1135 1625 1355 1693; x_wconf 80' lang='lat' dir='ltr'><strong>tyranni</strong></span> 
     </span>
     <span class='ocr_line' id='line_1_22' title="bbox 30 1697 1707 1765; baseline 0.002 -16"><span class='ocrx_word' id='word_1_143' title='bbox 30 1717 97 1758; x_wconf 58' lang='grc' dir='ltr'><strong>’,κ</strong></span> <span class='ocrx_word' id='word_1_144' title='bbox 241 1697 430 1765; x_wconf 83' lang='lat' dir='ltr'><strong>Majus</strong></span> <span class='ocrx_word' id='word_1_145' title='bbox 464 1702 816 1752; x_wconf 87' lang='lat' dir='ltr'><strong>tormentum.</strong></span> <span class='ocrx_word' id='word_1_146' title='bbox 889 1700 996 1765; x_wconf 84' lang='lat' dir='ltr'><strong>Qui</strong></span> <span class='ocrx_word' id='word_1_147' title='bbox 1031 1717 1140 1753; x_wconf 87' lang='lat' dir='ltr'><strong>non</strong></span> <span class='ocrx_word' id='word_1_148' title='bbox 1176 1698 1556 1753; x_wconf 85' lang='lat' dir='ltr'><strong>moderabitur</strong></span> <span class='ocrx_word' id='word_1_149' title='bbox 1589 1699 1707 1753; x_wconf 81' lang='lat' dir='ltr'><strong>irae</strong></span> 
     </span>
     <span class='ocr_line' id='line_1_23' title="bbox 246 1774 1952 1844; baseline 0.002 -19"><span class='ocrx_word' id='word_1_150' title='bbox 246 1774 519 1827; x_wconf 85' lang='lat' dir='ltr'><strong>lnfectum</strong></span> <span class='ocrx_word' id='word_1_151' title='bbox 556 1775 703 1829; x_wconf 83' lang='lat' dir='ltr'><strong>volet</strong></span> <span class='ocrx_word' id='word_1_152' title='bbox 738 1793 858 1829; x_wconf 78' lang='lat' dir='ltr'><strong>esse</strong></span> <span class='ocrx_word' id='word_1_153' title='bbox 896 1777 1051 1829; x_wconf 88' lang='lat' dir='ltr'><strong>dolor</strong></span> <span class='ocrx_word' id='word_1_154' title='bbox 1087 1776 1236 1844; x_wconf 88' lang='lat' dir='ltr'><strong>quod</strong></span> <span class='ocrx_word' id='word_1_155' title='bbox 1270 1777 1505 1829; x_wconf 83' lang='lat' dir='ltr'><strong>suaserit</strong></span> <span class='ocrx_word' id='word_1_156' title='bbox 1540 1779 1602 1830; x_wconf 87' lang='lat' dir='ltr'><strong>et</strong></span> <span class='ocrx_word' id='word_1_157' title='bbox 1636 1792 1805 1840; x_wconf 69' lang='lat' dir='ltr'><strong>mons,</strong></span> <span class='ocrx_word' id='word_1_158' title='bbox 1905 1792 1952 1829; x_wconf 78' lang='lat' dir='ltr'><strong>eo</strong></span> 
     </span>
     <span class='ocr_line' id='line_1_24' title="bbox 247 1849 1561 1919; baseline 0.003 -19"><span class='ocrx_word' id='word_1_159' title='bbox 247 1849 393 1901; x_wconf 85' lang='lat' dir='ltr'><strong>Dum</strong></span> <span class='ocrx_word' id='word_1_160' title='bbox 428 1866 629 1917; x_wconf 84' lang='lat' dir='ltr'><strong>poenas</strong></span> <span class='ocrx_word' id='word_1_161' title='bbox 667 1850 793 1904; x_wconf 85' lang='lat' dir='ltr'><strong>odio</strong></span> <span class='ocrx_word' id='word_1_162' title='bbox 828 1868 929 1919; x_wconf 89' lang='lat' dir='ltr'><strong>per</strong></span> <span class='ocrx_word' id='word_1_163' title='bbox 964 1853 1074 1904; x_wconf 85' lang='lat' dir='ltr'><strong>vim</strong></span> <span class='ocrx_word' id='word_1_164' title='bbox 1107 1851 1337 1905; x_wconf 84' lang='lat' dir='ltr'><strong>festinat</strong></span> <span class='ocrx_word' id='word_1_165' title='bbox 1374 1851 1561 1904; x_wconf 83' lang='lat' dir='ltr'><strong>inulte.</strong></span> 
     </span>
     <span class='ocr_line' id='line_1_25' title="bbox 250 1924 1814 1995; baseline 0.002 -19"><span class='ocrx_word' id='word_1_166' title='bbox 250 1924 344 1977; x_wconf 83' lang='lat' dir='ltr'><strong>Ira</strong></span> <span class='ocrx_word' id='word_1_167' title='bbox 377 1925 527 1978; x_wconf 89' lang='lat' dir='ltr'><strong>furor</strong></span> <span class='ocrx_word' id='word_1_168' title='bbox 561 1926 744 1979; x_wconf 86' lang='lat' dir='ltr'><strong>brevis</strong></span> <span class='ocrx_word' id='word_1_169' title='bbox 780 1931 891 1980; x_wconf 88' lang='lat' dir='ltr'><strong>est:</strong></span> <span class='ocrx_word' id='word_1_170' title='bbox 928 1928 1168 1981; x_wconf 84' lang='lat' dir='ltr'><strong>animum</strong></span> <span class='ocrx_word' id='word_1_171' title='bbox 1204 1943 1351 1994; x_wconf 75' lang='lat' dir='ltr'><strong>rege,</strong></span> <span class='ocrx_word' id='word_1_172' title='bbox 1388 1927 1481 1995; x_wconf 88' lang='lat' dir='ltr'><strong>qui</strong></span> <span class='ocrx_word' id='word_1_173' title='bbox 1517 1926 1622 1979; x_wconf 89' lang='lat' dir='ltr'><strong>nisi</strong></span> <span class='ocrx_word' id='word_1_174' title='bbox 1655 1930 1814 1995; x_wconf 74' lang='lat' dir='ltr'><strong>paret</strong></span> 
     </span>
     <span class='ocr_line' id='line_1_26' title="bbox 251 2000 1759 2070; baseline 0.002 -16"><span class='ocrx_word' id='word_1_175' title='bbox 251 2000 524 2068; x_wconf 79' lang='lat' dir='ltr'><strong>Imperat3</strong></span> <span class='ocrx_word' id='word_1_176' title='bbox 561 2002 703 2054; x_wconf 87' lang='lat' dir='ltr'><strong>hunc</strong></span> <span class='ocrx_word' id='word_1_177' title='bbox 737 2002 922 2070; x_wconf 76' lang='lat' dir='ltr'><strong>fre11iS‚</strong></span> <span class='ocrx_word' id='word_1_178' title='bbox 958 2003 1099 2055; x_wconf 88' lang='lat' dir='ltr'><strong>hunc</strong></span> <span class='ocrx_word' id='word_1_179' title='bbox 1135 2010 1199 2055; x_wconf 89' lang='lat' dir='ltr'><strong>tu</strong></span> <span class='ocrx_word' id='word_1_180' title='bbox 1234 2005 1516 2070; x_wconf 82' lang='lat' dir='ltr'><strong>compesce</strong></span> <span class='ocrx_word' id='word_1_181' title='bbox 1553 2006 1759 2057; x_wconf 73' lang='lat' dir='ltr'><strong>eatena.</strong></span> 
     </span>
     <span class='ocr_line' id='line_1_27' title="bbox 252 2075 1709 2146; baseline 0.003 -19"><span class='ocrx_word' id='word_1_182' title='bbox 252 2075 433 2143; x_wconf 85' lang='lat' dir='ltr'><strong>Fingit</strong></span> <span class='ocrx_word' id='word_1_183' title='bbox 468 2093 668 2146; x_wconf 87' lang='lat' dir='ltr'><strong>equum</strong></span> <span class='ocrx_word' id='word_1_184' title='bbox 705 2081 898 2131; x_wconf 90' lang='lat' dir='ltr'><strong>tenera</strong></span> <span class='ocrx_word' id='word_1_185' title='bbox 935 2077 1166 2130; x_wconf 87' lang='lat' dir='ltr'><strong>docilem</strong></span> <span class='ocrx_word' id='word_1_186' title='bbox 1202 2078 1411 2131; x_wconf 88' lang='lat' dir='ltr'><strong>cervice</strong></span> <span class='ocrx_word' id='word_1_187' title='bbox 1447 2078 1709 2145; x_wconf 86' lang='lat' dir='ltr'><strong>magister</strong></span> 
     </span>
     <span class='ocr_line' id='line_1_28' title="bbox 255 2152 1950 2223; baseline -0.001 -19"><span class='ocrx_word' id='word_1_188' title='bbox 255 2152 346 2205; x_wconf 85' lang='lat' dir='ltr'><strong>Ire</strong></span> <span class='ocrx_word' id='word_1_189' title='bbox 386 2152 524 2205; x_wconf 82' lang='lat' dir='ltr'><strong>viam</strong></span> <span class='ocrx_word' id='word_1_190' title='bbox 562 2169 671 2220; x_wconf 82' lang='lat' dir='ltr'><strong>qua</strong></span> <span class='ocrx_word' id='word_1_191' title='bbox 705 2158 976 2207; x_wconf 83' lang='lat' dir='ltr'><strong>monstret</strong></span> <span class='ocrx_word' id='word_1_192' title='bbox 1012 2171 1208 2222; x_wconf 90' lang='lat' dir='ltr'><strong>eques;</strong></span> <span class='ocrx_word' id='word_1_193' title='bbox 1245 2154 1540 2220; x_wconf 81' lang='lat' dir='ltr'><strong>venaticus,</strong></span> <span class='ocrx_word' id='word_1_194' title='bbox 1576 2170 1645 2207; x_wconf 82' lang='lat' dir='ltr'><strong>ex</strong></span> <span class='ocrx_word' id='word_1_195' title='bbox 1681 2171 1788 2223; x_wconf 88' lang='lat' dir='ltr'><strong>quo</strong></span> <span class='ocrx_word' id='word_1_196' title='bbox 1902 2162 1950 2202; x_wconf 76' lang='grc'><strong>65</strong></span> 
     </span>
     <span class='ocr_line' id='line_1_29' title="bbox 256 2228 1577 2297; baseline 0 -17"><span class='ocrx_word' id='word_1_197' title='bbox 256 2228 516 2297; x_wconf 85' lang='lat' dir='ltr'><strong>Tempore</strong></span> <span class='ocrx_word' id='word_1_198' title='bbox 551 2230 822 2282; x_wconf 87' lang='lat' dir='ltr'><strong>cervinam</strong></span> <span class='ocrx_word' id='word_1_199' title='bbox 857 2229 1057 2296; x_wconf 88' lang='lat' dir='ltr'><strong>pellem</strong></span> <span class='ocrx_word' id='word_1_200' title='bbox 1091 2229 1313 2282; x_wconf 83' lang='lat' dir='ltr'><strong>latravit</strong></span> <span class='ocrx_word' id='word_1_201' title='bbox 1348 2230 1404 2282; x_wconf 90' lang='lat' dir='ltr'><strong>in</strong></span> <span class='ocrx_word' id='word_1_202' title='bbox 1438 2229 1577 2297; x_wconf 87' lang='lat' dir='ltr'><strong>aula,</strong></span> 
     </span>
     <span class='ocr_line' id='line_1_30' title="bbox 258 2303 1631 2371; baseline -0.001 -14"><span class='ocrx_word' id='word_1_203' title='bbox 258 2303 452 2357; x_wconf 85' lang='lat' dir='ltr'><strong>Militat</strong></span> <span class='ocrx_word' id='word_1_204' title='bbox 480 2305 536 2356; x_wconf 87' lang='lat' dir='ltr'><strong>in</strong></span> <span class='ocrx_word' id='word_1_205' title='bbox 573 2305 722 2357; x_wconf 90' lang='lat' dir='ltr'><strong>silvis</strong></span> <span class='ocrx_word' id='word_1_206' title='bbox 758 2305 988 2359; x_wconf 79' lang='lat' dir='ltr'><strong>catulus.</strong></span> <span class='ocrx_word' id='word_1_207' title='bbox 1059 2305 1112 2357; x_wconf 89' lang='lat' dir='ltr'>N</span> <span class='ocrx_word' id='word_1_208' title='bbox 1115 2321 1220 2357; x_wconf 88' lang='lat' dir='ltr'><strong>unc</strong></span> <span class='ocrx_word' id='word_1_209' title='bbox 1254 2304 1458 2357; x_wconf 86' lang='lat' dir='ltr'><strong>adbibe</strong></span> <span class='ocrx_word' id='word_1_210' title='bbox 1490 2320 1631 2371; x_wconf 88' lang='lat' dir='ltr'><strong>puro</strong></span> 
     </span>
     <span class='ocr_line' id='line_1_31' title="bbox 261 2379 1687 2449; baseline 0.001 -16"><span class='ocrx_word' id='word_1_211' title='bbox 261 2380 475 2433; x_wconf 87' lang='lat' dir='ltr'><strong>Pectore</strong></span> <span class='ocrx_word' id='word_1_212' title='bbox 509 2380 691 2447; x_wconf 80' lang='lat' dir='ltr'><strong>verba,</strong></span> <span class='ocrx_word' id='word_1_213' title='bbox 727 2397 878 2449; x_wconf 87' lang='lat' dir='ltr'><strong>puer,</strong></span> <span class='ocrx_word' id='word_1_214' title='bbox 915 2397 1060 2434; x_wconf 88' lang='lat' dir='ltr'><strong>nunc</strong></span> <span class='ocrx_word' id='word_1_215' title='bbox 1093 2383 1155 2433; x_wconf 82' lang='lat' dir='ltr'><strong>te</strong></span> <span class='ocrx_word' id='word_1_216' title='bbox 1189 2379 1502 2433; x_wconf 88' lang='lat' dir='ltr'><strong>melioribus</strong></span> <span class='ocrx_word' id='word_1_217' title='bbox 1538 2380 1687 2434; x_wconf 88' lang='lat' dir='ltr'><strong>offer.</strong></span> 
     </span>
     <span class='ocr_line' id='line_1_32' title="bbox 261 2455 1709 2518; baseline 0 -10"><span class='ocrx_word' id='word_1_218' title='bbox 261 2455 373 2518; x_wconf 83' lang='lat' dir='ltr'><strong>Quo</strong></span> <span class='ocrx_word' id='word_1_219' title='bbox 407 2456 572 2509; x_wconf 85' lang='lat' dir='ltr'><strong>semel</strong></span> <span class='ocrx_word' id='word_1_220' title='bbox 609 2461 696 2511; x_wconf 90' lang='lat' dir='ltr'><strong>est</strong></span> <span class='ocrx_word' id='word_1_221' title='bbox 732 2456 946 2510; x_wconf 85' lang='lat' dir='ltr'><strong>imbuta</strong></span> <span class='ocrx_word' id='word_1_222' title='bbox 981 2472 1174 2510; x_wconf 87' lang='lat' dir='ltr'><strong>recens</strong></span> <span class='ocrx_word' id='word_1_223' title='bbox 1210 2455 1449 2509; x_wconf 78' lang='lat' dir='ltr'><strong>servabit</strong></span> <span class='ocrx_word' id='word_1_224' title='bbox 1485 2455 1709 2508; x_wconf 88' lang='lat' dir='ltr'><strong>odorem</strong></span> 
     </span>
     <span class='ocr_line' id='line_1_33' title="bbox 261 2531 1957 2596; baseline 0.001 -13"><span class='ocrx_word' id='word_1_225' title='bbox 261 2531 414 2585; x_wconf 80' lang='lat' dir='ltr'><strong>Testa</strong></span> <span class='ocrx_word' id='word_1_226' title='bbox 446 2532 555 2584; x_wconf 90' lang='lat' dir='ltr'><strong>diu.</strong></span> <span class='ocrx_word' id='word_1_227' title='bbox 629 2532 834 2596; x_wconf 85' lang='lat' dir='ltr'><strong>Quodsi</strong></span> <span class='ocrx_word' id='word_1_228' title='bbox 869 2548 1050 2585; x_wconf 87' lang='lat' dir='ltr'><strong>cessas</strong></span> <span class='ocrx_word' id='word_1_229' title='bbox 1085 2536 1182 2585; x_wconf 88' lang='lat' dir='ltr'><strong>aut</strong></span> <span class='ocrx_word' id='word_1_230' title='bbox 1217 2536 1471 2585; x_wconf 87' lang='lat' dir='ltr'><strong>strenuus</strong></span> <span class='ocrx_word' id='word_1_231' title='bbox 1506 2532 1696 2595; x_wconf 78' lang='lat' dir='ltr'><strong>anteiS,</strong></span> <span class='ocrx_word' id='word_1_232' title='bbox 1909 2546 1957 2590; x_wconf 61' lang='lat'><strong>20</strong></span> 
     </span>
     <span class='ocr_line' id='line_1_34' title="bbox 264 2604 1725 2678; baseline 0 -18"><span class='ocrx_word' id='word_1_233' title='bbox 264 2606 372 2660; x_wconf 85' lang='lat' dir='ltr'><strong>Nec</strong></span> <span class='ocrx_word' id='word_1_234' title='bbox 403 2607 619 2661; x_wconf 85' lang='lat' dir='ltr'><strong>tardum</strong></span> <span class='ocrx_word' id='word_1_235' title='bbox 654 2608 910 2678; x_wconf 87' lang='lat' dir='ltr'><strong>opperior</strong></span> <span class='ocrx_word' id='word_1_236' title='bbox 942 2624 1045 2661; x_wconf 88' lang='lat' dir='ltr'><strong>nec</strong></span> <span class='ocrx_word' id='word_1_237' title='bbox 1076 2604 1531 2676; x_wconf 84' lang='lat' dir='ltr'><strong>praecedentibus</strong></span> <span class='ocrx_word' id='word_1_238' title='bbox 1565 2605 1725 2660; x_wconf 81' lang='lat' dir='ltr'><strong>inste.</strong></span> 
     </span>
    </p>
   </div>
   <div class='ocr_carea' id='block_1_3' title="bbox 1047 2747 1162 2802">
    <p class='ocr_par' dir='ltr' id='par_1_3' title="bbox 1047 2747 1162 2802">
     <span class='ocr_line' id='line_1_35' title="bbox 1047 2747 1162 2802; baseline 0.017 -2"><span class='ocrx_word' id='word_1_239' title='bbox 1047 2747 1162 2802; x_wconf 89' lang='lat'>111.</span> 
     </span>
    </p>
   </div>
   <div class='ocr_carea' id='block_1_4' title="bbox 268 2835 1794 3129">
    <p class='ocr_par' dir='ltr' id='par_1_4' title="bbox 268 2835 1794 3129">
     <span class='ocr_line' id='line_1_36' title="bbox 268 2835 1527 2903; baseline 0.001 -15"><span class='ocrx_word' id='word_1_240' title='bbox 268 2836 391 2888; x_wconf 70' lang='lat' dir='ltr'><strong>Jtrm</strong></span> <span class='ocrx_word' id='word_1_241' title='bbox 425 2836 597 2901; x_wconf 78' lang='lat' dir='ltr'><strong>Floro,</strong></span> <span class='ocrx_word' id='word_1_242' title='bbox 636 2835 835 2903; x_wconf 86' lang='lat' dir='ltr'><strong>quibus</strong></span> <span class='ocrx_word' id='word_1_243' title='bbox 871 2840 1145 2889; x_wconf 87' lang='lat' dir='ltr'><strong>terrarum</strong></span> <span class='ocrx_word' id='word_1_244' title='bbox 1179 2837 1381 2889; x_wconf 87' lang='lat' dir='ltr'><strong>militet</strong></span> <span class='ocrx_word' id='word_1_245' title='bbox 1417 2836 1527 2889; x_wconf 88' lang='lat' dir='ltr'><strong>oris</strong></span> 
     </span>
     <span class='ocr_line' id='line_1_37' title="bbox 271 2908 1517 2978; baseline 0.001 -15"><span class='ocrx_word' id='word_1_246' title='bbox 271 2908 509 2963; x_wconf 84' lang='lat' dir='ltr'><strong>Claudius</strong></span> <span class='ocrx_word' id='word_1_247' title='bbox 548 2911 787 2977; x_wconf 82' lang='lat' dir='ltr'><strong>Augusti</strong></span> <span class='ocrx_word' id='word_1_248' title='bbox 824 2911 1104 2978; x_wconf 85' lang='lat' dir='ltr'><strong>privignus</strong></span> <span class='ocrx_word' id='word_1_249' title='bbox 1143 2912 1281 2964; x_wconf 86' lang='lat' dir='ltr'><strong>scire</strong></span> <span class='ocrx_word' id='word_1_250' title='bbox 1317 2912 1517 2965; x_wconf 78' lang='lat' dir='ltr'><strong>laboro,</strong></span> 
     </span>
     <span class='ocr_line' id='line_1_38' title="bbox 272 2985 1794 3055; baseline 0.001 -16"><span class='ocrx_word' id='word_1_251' title='bbox 272 2985 530 3040; x_wconf 82' lang='lat' dir='ltr'><strong>Thracane</strong></span> <span class='ocrx_word' id='word_1_252' title='bbox 564 3002 661 3038; x_wconf 85' lang='lat' dir='ltr'><strong>vos</strong></span> <span class='ocrx_word' id='word_1_253' title='bbox 699 2985 1035 3054; x_wconf 86' lang='lat' dir='ltr'><strong>Hebrusque</strong></span> <span class='ocrx_word' id='word_1_254' title='bbox 1068 2986 1233 3039; x_wconf 85' lang='lat' dir='ltr'><strong>nivali</strong></span> <span class='ocrx_word' id='word_1_255' title='bbox 1271 2986 1533 3054; x_wconf 86' lang='lat' dir='ltr'><strong>compede</strong></span> <span class='ocrx_word' id='word_1_256' title='bbox 1568 2986 1794 3055; x_wconf 70' lang='lat' dir='ltr'><strong>vinctae,</strong></span> 
     </span>
     <span class='ocr_line' id='line_1_39' title="bbox 277 3061 1492 3129; baseline 0 -15"><span class='ocrx_word' id='word_1_257' title='bbox 277 3063 359 3114; x_wconf 89' lang='lat' dir='ltr'><strong>An</strong></span> <span class='ocrx_word' id='word_1_258' title='bbox 388 3061 524 3116; x_wconf 78' lang='lat' dir='ltr'><strong>freta</strong></span> <span class='ocrx_word' id='word_1_259' title='bbox 558 3061 762 3115; x_wconf 82' lang='lat' dir='ltr'><strong>vicinas</strong></span> <span class='ocrx_word' id='word_1_260' title='bbox 796 3061 944 3114; x_wconf 88' lang='lat' dir='ltr'><strong>inter</strong></span> <span class='ocrx_word' id='word_1_261' title='bbox 979 3062 1258 3115; x_wconf 87' lang='lat' dir='ltr'><strong>currentia</strong></span> <span class='ocrx_word' id='word_1_262' title='bbox 1295 3066 1492 3129; x_wconf 77' lang='lat' dir='ltr'><strong>turreS‚</strong></span> 
     </span>
    </p>
   </div>
   <div class='ocr_carea' id='block_1_5' title="bbox 278 3136 1966 3260">
    <p class='ocr_par' dir='ltr' id='par_1_5' title="bbox 278 3136 1966 3260">
     <span class='ocr_line' id='line_1_40' title="bbox 278 3136 1966 3260; baseline 0.001 -70"><span class='ocrx_word' id='word_1_263' title='bbox 278 3140 358 3191; x_wconf 88' lang='lat' dir='ltr'><strong>An</strong></span> <span class='ocrx_word' id='word_1_264' title='bbox 378 3136 607 3260; x_wconf 59' lang='lat' dir='ltr'><strong>1124i11gues</strong></span> <span class='ocrx_word' id='word_1_265' title='bbox 644 3136 812 3192; x_wconf 84' lang='lat' dir='ltr'><strong>Asiae</strong></span> <span class='ocrx_word' id='word_1_266' title='bbox 848 3137 1026 3209; x_wconf 83' lang='lat' dir='ltr'><strong>campi</strong></span> <span class='ocrx_word' id='word_1_267' title='bbox 1060 3137 1334 3209; x_wconf 85' lang='lat' dir='ltr'><strong>collesque</strong></span> <span class='ocrx_word' id='word_1_268' title='bbox 1369 3140 1684 3196; x_wconf 69' lang='lat' dir='ltr'><strong>moranturl</strong></span> <span class='ocrx_word' id='word_1_269' title='bbox 1938 3151 1966 3192; x_wconf 72' lang='grc' dir='ltr'><strong>ε</strong></span> 
     </span>
    </p>
   </div>
   <div class='ocr_carea' id='block_1_6' title="bbox 29 255 43 284">
    <p class='ocr_par' dir='ltr' id='par_1_6' title="bbox 29 255 43 284">
     <span class='ocr_line' id='line_1_41' title="bbox 29 255 43 284; baseline 0 0"><span class='ocrx_word' id='word_1_270' title='bbox 29 255 43 284; x_wconf 67' lang='lat' dir='ltr'>k</span> 
     </span>
    </p>
   </div>
  </div>
 </body>
</html>
