2217 3559
181 102 277 149 200
736 102 1044 151 HORATII
1079 103 1338 151 FLAOCI

181 179 474 231 Aemilium
512 181 655 233 circa
691 180 881 234 ludum
917 181 1073 234 faber
1107 195 1248 235 unus
1285 186 1346 236 et
1380 200 1592 249 ungues

180 253 469 322 Exprimet
507 259 566 308 et
601 257 794 310 molles
830 257 1137 310 imitabitur
1172 274 1299 311 aere
1337 259 1573 326 capilloS‚

179 329 379 383 Infelix
416 331 597 399 operis
635 349 846 385 summa
882 332 1011 401 quia
1046 349 1251 400 ponere
1286 336 1465 387 totum

177 405 416 460 Nesciet.
491 408 655 460 Hunc
693 425 794 474 ego
820 425 922 474 me,
967 408 1011 460 si
1047 405 1183 476 quid
1214 425 1538 476 componere
1562 427 1774 477 eurem,
1857 428 1913 467 35

176 481 227 534 N
233 498 301 534 on
337 483 511 549 magis
548 499 667 535 esse
706 483 864 536 velim
903 500 1067 551 quam
1104 501 1237 537 naso
1274 485 1459 537 vivere
1490 501 1675 552 pravo,
1905 478 1914 482 ’

176 557 545 624 Spectandum
581 558 750 626 nigris
786 560 955 611 oculis
990 560 1258 629 nigroque
1296 560 1504 628 capillo,

175 633 386 686 Sumite
423 634 708 687 materiam
749 635 946 688 vestris
982 635 1078 703 qui
1116 635 1351 688 scribitis
1388 652 1621 704 aequam

177 708 403 762 Viribus
440 714 497 763 et
533 714 748 763 versate
785 710 882 763 diu
917 710 1052 779 quid
1087 711 1236 763 ferre
1273 714 1543 779 recusent,

176 785 323 848 Quid
360 786 574 840 valeant
610 786 838 840 humeri.
912 786 1013 839 Cui
1050 786 1194 839 lecta
1228 790 1488 855 potenter
1524 788 1633 839 erit
1669 804 1780 855 reS,
1852 806 1906 842 ιο

175 860 292 913 Nec
327 861 582 914 facundia
618 863 839 915 deseret
875 862 1020 915 hunc
1055 879 1158 916 nec
1193 862 1407 915 lucidus
1444 863 1592 915 ordo

175 935 400 989 Ordinis
436 937 569 990 haec
606 938 781 991 virtus
818 939 927 991 erit
963 941 1020 991 et
1057 954 1245 1005 venus,
1282 941 1379 990 aut
1416 955 1517 1004 ego
1554 939 1728 1005 fallor,

175 1012 256 1065 Ut
284 1012 403 1079 jam
438 1031 580 1066 nunc
618 1014 766 1066 dicat
792 1013 913 1081 jam
947 1030 1092 1066 nunc
1130 1013 1392 1066 debentia
1428 1014 1552 1079 dici,

176 1087 446 1156 Pleraque
482 1089 702 1142 differat
737 1092 794 1141 et
830 1105 1088 1157 praesens
1124 1089 1181 1142 in
1217 1092 1436 1155 tempus
1472 1089 1715 1153 omittat;

176 1163 298 1217 Hoc
335 1169 496 1231 amet,
534 1165 637 1217 hoc
674 1169 899 1232 spernat
934 1164 1187 1232 promissi
1224 1164 1478 1217 carminis
1514 1170 1712 1218 auctor.
1847 1182 1905 1220 45

174 1238 242 1291 In
277 1239 458 1292 verbis
495 1241 660 1294 etiam
697 1240 879 1293 tenuis
915 1244 1218 1308 cautusque
1255 1240 1515 1307 serendiS,

174 1314 394 1367 Dixeris
432 1316 653 1383 egregie
690 1319 879 1369 notum
917 1317 963 1368 si
1000 1315 1200 1369 callida
1236 1316 1466 1368 verbum

175 1389 507 1444 Reddiderit
534 1391 798 1459 junctura
833 1409 1047 1445 novum.
1122 1391 1179 1444 Si
1216 1392 1359 1444 forte
1396 1408 1618 1445 neccsse
1657 1400 1744 1446 est

174 1466 400 1520 Iudiciis
436 1472 741 1521 monstrare
777 1468 1090 1521 recentibus
1127 1466 1320 1519 abdita
1355 1483 1554 1534 rerum,

173 1541 407 1610 Fingere
443 1543 700 1596 cinctutis
738 1560 843 1595 non
884 1544 1147 1596 exaudita
1186 1543 1446 1609 Cethegis
1842 1561 1899 1598 5³

172 1616 480 1686 Continget,
519 1619 851 1688 dabiturque
889 1619 1111 1672 licentia
1147 1622 1366 1686 sumpta
1401 1617 1706 1686 pudentem

172 1693 246 1746 Et
279 1710 418 1747 nova
453 1695 690 1763 fictaque
727 1712 901 1763 nuper
936 1695 1218 1747 habebunt
1254 1694 1423 1747 verba
1458 1695 1624 1757 fidem
1660 1696 1706 1747 si

172 1769 379 1823 Graeco
416 1772 566 1824 fonte
601 1770 815 1837 cadent,
852 1788 1017 1839 parce
1055 1770 1293 1824 detorta.
1368 1770 1514 1833 Quid
1549 1773 1732 1823 autem

172 1845 407 1898 Caecilio
446 1847 751 1916 Plautoque
789 1846 946 1899 dabit
982 1846 1261 1898 Romanus
1297 1846 1619 1913 ademptum

171 1921 403 1989 Virgilio
441 1923 752 1991 Varioque?
826 1923 942 1990 Ego
979 1939 1076 1975 cur
1114 1922 1402 1990 acquirere
1439 1938 1613 1989 pauca
1837 1940 1893 1980 55

171 1997 228 2050 Si
264 2014 483 2064 possum
519 1999 778 2067 invideor,
814 2015 937 2052 eum
972 1999 1160 2065 lingua
1197 1997 1420 2050 Catonis
1456 2000 1516 2049 et
1554 1998 1692 2049 Enni

171 2072 487 2126 Sermonem
523 2076 759 2141 patrium
799 2074 1059 2128 ditaverit
1095 2077 1155 2126 et
1192 2089 1334 2125 nova
1369 2090 1555 2126 rerum

170 2149 404 2202 Nomina
437 2151 763 2218 protulerit?
836 2150 1015 2204 Licuit
1053 2166 1378 2218 semperque
1416 2149 1604 2203 licebit

171 2226 455 2292 Signatum
492 2229 782 2294 praesente
818 2230 945 2279 nota
981 2226 1286 2293 producere
1323 2242 1535 2278 nomen.

172 2301 250 2354 Ut
286 2301 454 2353 silvae
489 2301 631 2354 foliis
666 2317 865 2370 pronos
901 2306 1187 2354 11111tantur
1222 2301 1279 2352 in
1314 2317 1498 2368 annos,
1837 2318 1888 2356 co

170 2376 355 2429 Prima
390 2377 621 2430 cadunt:
659 2379 740 2430 ita
774 2377 1066 2430 verborum
1105 2379 1264 2429 vetus
1301 2376 1495 2429 interit
1532 2381 1702 2443 aetas,

169 2452 243 2505 Et
270 2452 536 2519 juvenum
572 2452 686 2505 ritu
721 2453 919 2505 florent
954 2452 1117 2505 modo
1153 2456 1284 2505 nata
1320 2452 1633 2520 vigentque.

170 2526 452 2581 Debemur
485 2528 648 2581 morti
685 2545 782 2580 nos
818 2532 1148 2596 nostraque3
1182 2528 1297 2580 sive
1334 2532 1591 2596 receptus

169 2603 338 2657 Terra
374 2604 666 2671 Neptunus
703 2604 902 2657 classes
939 2603 1284 2671 aquilonibus
1321 2607 1488 2670 arcet,

170 2678 338 2746 Regis
375 2696 525 2748 opuS‚
565 2680 832 2733 sterilisve
869 2679 965 2731 diu
999 2679 1155 2746 palus
1192 2683 1429 2747 aptaque
1465 2680 1634 2731 remis
1841 2694 1887 2733 65

168 2755 391 2809 Vicinas
426 2755 591 2812 urbes
627 2755 725 2807 alit
762 2759 820 2808 et
855 2772 1023 2821 grave
1060 2755 1230 2807 sentit
1266 2759 1526 2821 aratrum,

168 2831 278 2884 Seu
312 2848 530 2884 cursum
564 2832 800 2883 mutavit
835 2831 1083 2897 iniquum
1119 2829 1368 2897 frugibus
1404 2829 1577 2882 amnis

168 2906 377 2958 Doctus
412 2907 522 2960 iter
556 2905 764 2971 meliuS,
800 2906 1050 2957 mortalia
1084 2905 1232 2957 facta
1266 2905 1543 2973 peribunt,

168 2979 389 3034 Nedum
425 2996 732 3032 sermonum
770 2983 882 3032 stet
919 2981 1090 3032 honos
1127 2984 1185 3031 et
1219 2982 1401 3046 gratia
1436 2983 1613 3034 vivax.

168 3052 348 3105 Multa
381 3058 735 3105 renascentur
773 3069 911 3119 quae
943 3053 1060 3119 jam
1096 3055 1362 3121 cecidere,
1401 3056 1709 3124 cadentque
1833 3073 1879 3112 π)

170 3126 321 3189 Quae
354 3143 497 3177 nune
533 3129 658 3178 sunt
693 3127 750 3178 in
786 3127 991 3179 honore
1028 3127 1301 3194 vocabula,
1338 3130 1570 3183 si-volet
1604 3147 1751 3197 usus,

2140 3067 2207 3462 ,HV-—
