2217 3559
284 135 345 181 84

805 131 1215 181 CARMINUM
1244 129 1346 180 IV.
1383 132 1462 182 15.

550 213 659 266 Per
693 228 831 280 quas
867 213 1124 265 Latinum
1159 228 1359 265 nomen
1396 215 1456 266 et
1492 211 1672 266 Italae

548 288 785 341 Crevere
818 287 962 341 vires
996 288 1250 355 famaque
1287 289 1344 339 et
1380 287 1576 355 imperi

619 363 879 416 Porreota
913 362 1178 431 majestas
1213 362 1286 415 ad
1322 367 1477 415 ortus

686 438 826 491 Solis
860 437 931 491 ab
970 438 1243 506 Hesperio
1278 436 1458 491 cubili.

549 512 792 567 Custode
826 530 1010 566 rerum
1049 514 1282 567 Caesare
1319 529 1427 565 non
1462 513 1614 567 furor

549 588 736 643 Civilis
770 591 867 641 aut
902 588 983 641 vis
1019 588 1208 656 exiget
1239 587 1429 655 otium,

616 664 742 717 Non
778 664 862 716 ira
897 680 1038 732 quae
1071 662 1328 731 procudit
1363 679 1524 717 enses

690 739 762 792 Et
796 739 1023 792 miseras
1057 739 1303 791 inimicat
1336 738 1516 792 urbeS.

548 814 674 868 Non
709 814 803 882 qui
837 814 1169 882 profundum
1205 814 1515 867 Danubium
1552 814 1755 871 bibunt

545 889 743 943 Edicta
777 892 1033 957 rumpent
1065 889 1105 942 J
1108 889 1233 955 ulia,
1269 905 1378 942 non
1414 889 1603 958 Getae,

612 965 738 1019 Non
777 964 937 1018 Seres
971 964 1195 1017 infidive
1233 964 1450 1033 Persae,

575 1082 582 1092 .
683 1039 736 1092 N
740 1056 809 1092 on
845 1039 1052 1092 Tanain
1088 1056 1262 1109 prope
1297 1039 1501 1093 flumen
1536 1039 1659 1093 orti.

544 1115 769 1183 Nosque
805 1118 864 1169 et
897 1116 1154 1183 profestis
1188 1114 1400 1168 lucibus
1434 1119 1496 1169 et
1530 1115 1699 1169 saeris

545 1190 702 1245 Inter
729 1189 905 1257 jocosi
940 1207 1169 1243 munera
1205 1190 1391 1243 Liberi
1586 1187 1598 1196 ”

578 1313 588 1328 ,
617 1265 755 1319 Cum
790 1265 942 1332 prole
976 1266 1351 1334 matronisque
1387 1265 1602 1332 nostris,

682 1340 811 1393 Rite
845 1340 978 1393 deos
1013 1342 1166 1409 prius
1201 1341 1494 1409 apprecati‚

542 1416 768 1469 Virtute
802 1415 1014 1469 functos
1051 1432 1203 1469 more
1238 1420 1458 1484 pat-rum
1493 1415 1664 1470 duces

543 1491 713 1560 Lydis
747 1492 980 1545 remixto
1016 1492 1253 1545 carmine
1288 1491 1441 1545 tibiis

611 1566 938 1635 Trojamque
972 1571 1030 1620 et
1069 1567 1346 1621 Anchisen
1383 1569 1443 1620 et
1476 1566 1653 1621 almae

679 1643 1004 1712 Progeniem
1041 1643 1277 1698 Veneris
1311 1658 1585 1696 memus.

2148 1726 2179 1773 A
