2217 3559
854 74 1287 126 SATIRARUM
1320 77 1395 124 ΙΙ.
1435 78 1482 125 5.
1922 71 2015 125 147

60 169 145 234 αἱ
268 150 529 208 Primus
565 157 626 209 et
660 154 909 207 invenior
942 155 1102 222 piper
1136 154 1321 207 album
1355 171 1479 207 cum
1514 153 1627 207 sale
1661 153 1834 221 nigro·

54 231 71 282 t

37 1565 111 1826 *ks-f

268 225 592 283 ,incretum
627 231 779 298 puris
815 230 1263 298 circumposuisse
1297 230 1507 283 catillis⁴
1967 243 2017 284 75

271 301 560 358 Immane
597 308 682 359 est
717 306 910 359 vitium
946 306 1080 359 dare
1115 306 1286 359 millia
1317 311 1478 359 terna
1511 305 1737 358 macelio

273 380 675 449 Angustoque
710 398 876 449 vagos
909 383 1084 451 pisces
1119 399 1316 450 urgere
1350 382 1546 436 catino,

272 450 513 521 Magna
546 459 731 509 movet
767 457 1044 509 stomacho
1077 457 1314 525 fastidia,
1352 475 1450 511 seu
1484 474 1620 526 puer
1654 455 1835 509 unctis

273 526 585 583 Tractavit
620 532 840 585 calicem
875 533 1128 586 manibus
1163 533 1294 586 dum
1328 534 1476 587 furta
1510 534 1726 600 ligurit3

276 603 433 659 Sive
468 608 651 674 gravis
686 609 862 661 veteri
898 612 1147 662 craterae
1182 610 1345 662 limus
1379 609 1647 663 adhaesit.
1962 631 2018 671 ες·

277 679 526 735 Vilibus
560 683 618 735 in
654 685 843 751 scopis,
878 684 937 737 in
971 686 1199 753 mappis
1234 686 1292 738 in
1325 686 1486 739 scobe
1521 688 1761 754 quantus

281 755 575 811 Consistit
610 762 892 829 sumptus?
963 761 1016 813 N
1021 762 1245 827 eglectis
1280 761 1345 813 fla
1352 762 1548 838 gitium
1583 761 1792 828 ingens,

281 831 420 887 Ten
455 834 668 903 lapides
704 838 882 888 varios
918 836 1192 890 lutulenta
1226 838 1425 891 radere
1460 837 1641 907 palma

284 909 380 963 Et
417 910 606 979 Tyrias
643 912 779 965 dare
815 912 1018 965 circum
1053 913 1228 967 inluta
1261 914 1457 967 toralia
1492 917 1680 979 vestes·

285 986 555 1040 Oblitum
592 992 797 1056 quanto
832 1005 1018 1042 curam
1055 994 1443 1059 sumptumque
1477 984 1744 1043 minorem
1961 1003 2012 1041 ss

292 1062 462 1116 Haec
497 1063 738 1118 habeant
772 1069 927 1119 tanto
957 1065 1287 1133 reprehendi
1315 1067 1522 1134 justius
1557 1066 1666 1118 illis

293 1138 459 1201 Quae
495 1140 602 1193 nisi
637 1139 902 1194 divitibus
938 1145 1216 1210 nequeant
1250 1143 1567 1210 contingere
1601 1139 1804 1194 mensis
1817 1137 1869 1193 ‘t”

292 1214 329 1239 ‘⁶
342 1213 519 1269 Docte
556 1216 694 1285 Cati,
728 1234 831 1286 per
864 1217 1162 1271 amicitiam
1198 1217 1462 1287 divosque
1495 1221 1733 1284 rogatus,

293 1287 523 1345 Ducere
557 1308 646 1345 me
680 1293 930 1347 auditum
967 1310 1164 1362 perges
1201 1310 1526 1363 quocunque
1559 1294 1849 1345 memento,

296 1365 449 1420 Nam
484 1369 734 1435 quamvis
766 1370 995 1422 memori
1031 1370 1238 1423 referas
1273 1369 1407 1422 mihi
1442 1372 1663 1438 pectore
1698 1370 1906 1433 cuncta,
1961 1381 2015 1439 eo

299 1442 356 1494 N
359 1458 430 1495 on
465 1447 651 1497 tamen
686 1445 963 1513 interpres
998 1446 1325 1499 tantundem
1351 1444 1578 1513 juveris.
1652 1442 1817 1496 Adde

300 1517 538 1572 Vultum
573 1520 935 1590 habitumque
967 1521 1216 1587 hominis,
1259 1538 1423 1590 quem
1459 1524 1523 1574 tu
1557 1519 1762 1573 vidisse
1795 1517 1990 1570 beatus

303 1593 429 1647 Non
465 1598 647 1663 magni
682 1598 879 1665 pendis
916 1598 1046 1666 quia
1081 1598 1342 1664 contigit3
1377 1599 1437 1650 at
1472 1595 1605 1649 mihi
1640 1611 1774 1648 cura

303 1669 428 1723 Non
463 1672 754 1725 mediocris
789 1674 948 1742 inest,
984 1675 1165 1727 fontes
1200 1679 1265 1727 ut
1299 1673 1454 1726 adire
1488 1676 1726 1725 remotos

304 1748 495 1816 Atque
531 1747 753 1802 haurire
788 1765 986 1818 queam
1021 1751 1168 1802 vitae
1205 1754 1500 1820 praecepta
1533 1745 1772 1801 beatae?
1964 1760 2016 1800 93

298 1973 332 2001 “
348 1972 479 2027 Hoc
513 1988 745 2041 quoque,
783 1972 1005 2039 Tiresia,
1041 1976 1265 2040 praeter
1297 1975 1520 2025 narrata
1552 1970 1767 2041 petenti

299 2047 615 2116 Responde,
653 2048 851 2116 quibus
886 2065 913 2099 :¹
921 2049 1113 2100 missas
1150 2065 1404 2116 reparare
1441 2064 1637 2116 queam
1672 2063 1762 2099 res

299 2124 536 2177 Artibus
572 2129 741 2191 atque
774 2122 967 2176 modis.
1041 2123 1189 2187 Quid
1222 2123 1441 2176 ridesff
1515 2123 1761 2175 “Jamne
1798 2121 1985 2176 doloso

298 2198 348 2251 N
352 2215 424 2252 on
462 2198 598 2252 satis
633 2202 721 2252 est
758 2197 1006 2251 Ithacam
1042 2199 1232 2252 revehi
1267 2199 1582 2267 patriosque
1616 2204 1845 2266 penates

298 2274 687 2344 Adspicere‘3”
761 2274 855 2326 “O
890 2275 1027 2327 nulli
1064 2275 1364 2342 quidquam
1400 2274 1647 2339 mentite,
1682 2273 1836 2326 vides
1872 2276 1935 2326 ut
1985 2288 2015 2327 5

297 2350 502 2405 Nudus
534 2352 800 2420 inopsque
838 2351 1061 2403 domum
1098 2350 1338 2418 redeam,
1375 2355 1434 2403 te
1468 2354 1607 2416 vate,
1643 2366 1822 2417 neque
1854 2349 1967 2402 illic

296 2428 416 2481 Aut
453 2428 722 2494 apotheca
755 2426 935 2496 procis
969 2427 1178 2480 intacta
1213 2430 1299 2479 est
1334 2430 1433 2479 aut
1465 2442 1659 2494 pecus;
1695 2425 1850 2492 atqui

296 2501 369 2556 Et
404 2519 582 2569 genus
620 2507 678 2556 et
720 2503 891 2556 virtus
928 2502 1033 2555 nisi
1067 2519 1193 2556 cum
1228 2519 1289 2555 re
1323 2502 1484 2554 vilior
1516 2502 1636 2568 alga
1671 2501 1804 2554 est.’²

294 2578 323 2605 “
340 2578 578 2642 Quando
610 2578 943 2647 pauperiem,
979 2578 1161 2631 missis
1196 2577 1532 2644 ambagibus
1569 2578 1776 2644 horres,

297 2656 344 2708 A
370 2655 508 2723 ‘cipe
545 2671 657 2725 qua
691 2655 907 2707 ratione
944 2671 1114 2723 queas
1151 2655 1434 2708 ditescere.
1505 2653 1725 2705 Turdus
1976 2677 2021 2716 10

295 2731 424 2784 Sive
460 2730 612 2784 aliud
648 2733 862 2799 privu'n
902 2729 1126 2784 dabitur
1160 2730 1279 2796 tibi,
1318 2730 1536 2782 devolet
1570 2729 1699 2781 illuc

297 2806 414 2860 Res
447 2806 544 2859 ubi
579 2822 777 2872 magna
811 2805 955 2858 nitet
991 2805 1211 2858 domino
1248 2822 1403 2869 sene3
1440 2805 1619 2858 dulcia
1652 2820 1815 2872 poma

297 2882 372 2936 Et
406 2897 763 2950 quoscunque
799 2881 944 2934 feret
978 2881 1158 2934 cultus
1193 2881 1297 2934 tibi
1333 2881 1536 2934 fundus
1572 2881 1807 2932 honores

299 2959 452 3011 Ante
488 2957 686 3011 Larem
723 2959 912 3024 gustet
950 2956 1313 3012 venerabilior
1349 2957 1490 3010 Lare
1525 2956 1709 3020 dives;

298 3031 404 3096 Qui
430 3029 691 3101 ’quamvis
728 3031 984 3100 perjurus
1020 3034 1141 3100 crit,
1178 3033 1295 3087 sine
1330 3038 1509 3100 gente,
1544 3035 1805 3084 cruentus
1971 3043 2016 3086 ιδ

298 3107 577 3178 Sanguine
609 3107 875 3178 fraterno,
908 3107 1191 3177 fugitivus,
1227 3124 1297 3164 ne
1331 3112 1521 3165 tamen
1552 3105 1635 3161 ini
