2217 3559
963 343 1513 412 SATIRARUM

752 577 1076 637 ‘LIBER
1145 578 1559 637 SECUND
1588 579 1714 640 US.

1208 820 1253 873 Ι.

374 904 577 960 “SUNT
613 905 812 975 quibus
846 906 902 959 in
940 905 1111 958 satira
1148 904 1338 957 videor
1372 903 1535 956 nimis
1571 919 1698 956 acer
1732 906 1790 957 et
1824 903 1972 957 ultra

375 980 585 1048 Legem
623 983 852 1035 tendere
889 998 1053 1051 opus3
1090 980 1207 1034 sine
1243 980 1424 1033 nervis
1459 980 1632 1033 altera
1668 979 1937 1048 quidquid

375 1057 671 1126 Composui
707 1074 833 1126 pars
869 1074 988 1111 esse
1024 1062 1200 1126 putat,
1239 1056 1549 1124 similesque
1586 1072 1830 1109 meorum

374 1132 535 1186 Mille
572 1134 663 1187 die
698 1151 886 1187 versus
922 1134 1123 1188 deduci
1158 1150 1330 1201 posse.
1401 1132 1639 1200 Trebati,

375 1208 524 1272 Quid
539 1210 730 1262 faciam
746 1210 1095 1277 praescribe.’'
1118 1211 1146 1238 “
1162 1209 1461 1274 Quieseas?
1484 1208 1514 1235 “
1529 1210 1615 1263 Ne
1629 1209 1838 1277 faciam,
1848 1209 2042 1280 inquis,
2053 1224 2079 1265 ε

375 1283 615 1338 Omnino
650 1302 837 1339 versus
859 1286 907 1340 ‘3'’
969 1286 1165 1339 “Aio''
1227 1285 1504 1338 “Persam
1540 1285 1681 1338 male
1718 1285 1763 1337 si
1797 1301 1905 1337 non

373 1359 661 1428 Optimum
697 1366 848 1416 erat:
886 1379 1075 1415 verum
1111 1378 1325 1430 nequeo
1361 1360 1645 1413 dormire.''
1709 1360 1857 1414 “Ter
1891 1361 2044 1416 uncti

373 1435 714 1490 Transnanto
753 1437 993 1491 Tiberim
1028 1454 1217 1490 somno
1253 1437 1451 1506 quibus
1487 1441 1572 1490 cst
1607 1453 1741 1506 opus
1776 1436 1901 1505 alto,

372 1511 764 1582 Irriguumque
800 1530 950 1566 mero
988 1513 1089 1566 sub
1124 1518 1341 1566 noctem
1376 1528 1570 1581 eorpus
1606 1512 1860 1566 habente.

371 1587 498 1641 Aut
533 1589 579 1641 si
616 1594 800 1642 tantus
838 1606 989 1642 amor
1024 1589 1299 1642 scribendi
1335 1592 1394 1642 te
1431 1589 1578 1656 rapit
1611 1588 1756 1641 aude
2047 1610 2086 1647 'a

371 1663 624 1718 Caesaris
658 1665 846 1718 invicti
883 1682 972 1718 res
1009 1666 1208 1731 dicere,
1245 1665 1419 1718 multa
1453 1664 1700 1717 laborum

372 1739 628 1794 Praemia
663 1741 915 1794 laturus?
977 1741 1005 1768 ‘⁶
1022 1741 1313 1809 Cupidu1n‚
1349 1744 1508 1809 pater
1543 1740 1761 1809 optime,
1797 1742 1943 1795 vires

368 1814 686 1870 Deficiunt:
723 1834 901 1886 neque
939 1817 1084 1870 enim
1121 1817 1297 1885 quivis
1334 1816 1613 1870 horrentia
1646 1816 1770 1884 pilis

372 1892 617 1959 Agmina
651 1910 751 1947 nec
785 1893 960 1946 fracta
994 1898 1290 1960 pereuntes
1326 1893 1550 1960 cuspide
1587 1892 1773 1945 Gallos

369 1967 495 2020 Aut
529 1968 761 2022 labentis
797 1985 937 2037 equo
975 1968 1251 2022 describat
1286 1969 1511 2021 vulnera
1550 1967 1785 2021 Parthi?
1955 1966 1959 1970 Α
2039 1983 2085 2023 15

369 2044 401 2070 “
420 2044 689 2098 Attamen
725 2048 782 2097 et
812 2044 1027 2112 justum
1063 2050 1287 2113 poteras
1322 2049 1381 2097 et
1417 2044 1657 2096 scribere
1693 2044 1908 2112 fortem,

369 2119 684 2188 Scipiadam
720 2124 783 2174 ut
819 2121 1034 2188 sapiens
1075 2120 1360 2173 Lucilius.'’
1434 2121 1465 2147 “
1481 2120 1648 2173 Haud
1684 2120 1817 2172 mihi
1854 2121 2021 2174 deero

369 2195 514 2249 Cum
551 2213 639 2249 res
675 2199 795 2265 ipsa
828 2197 984 2251 feret.
1056 2196 1179 2249 Nisi
1217 2196 1414 2249 dextro
1451 2199 1698 2263 tempore
1736 2196 1912 2250 Flacci

367 2270 562 2325 Verba
596 2290 695 2340 per
729 2276 998 2326 attentam
1033 2289 1141 2325 non
1177 2272 1338 2325 ibunt
1376 2272 1625 2325 Caesaris
1659 2288 1863 2336 aurem,

368 2345 477 2401 Cui
514 2349 652 2401 male
689 2350 734 2401 si
769 2349 994 2417 palpere
1031 2349 1341 2402 recalcitrat
1376 2347 1621 2416 undique
1654 2347 1854 2401 tutus?
2034 2365 2081 2402 2)

367 2424 399 2450 “
420 2423 636 2486 Quanto
673 2426 875 2478 rectius
910 2424 1012 2477 hoc
1048 2441 1212 2492 quam
1248 2423 1396 2477 tristi
1432 2423 1652 2475 laedere
1688 2439 1848 2476 versu

364 2500 759 2554 Pantolabum
794 2517 1059 2552 scurram
1094 2500 1630 2568 Nomentanumque
1664 2505 1931 2565 nepotem,

367 2576 512 2630 Cum
537 2575 642 2629 sibi
667 2576 897 2647 quisque
915 2577 1090 2641 timet,
1109 2591 1438 2644 quamquam
1460 2578 1547 2628 est
1564 2574 1814 2638 intactus
1831 2578 1890 2626 et
1908 2574 2044 2627 odit!
2063 2574 2077 2594 '

366 2653 402 2679 ‘⁶
420 2651 568 2716 Quid
604 2653 796 2705 faciam
812 2654 830 2705 *1
903 2651 1080 2705 Saltat
1119 2651 1394 2717 MiloniuS,
1433 2653 1497 2703 ut
1534 2650 1700 2703 semel
1736 2650 1847 2703 icto

367 2727 623 2781 Accessit
658 2729 838 2780 fervor
874 2726 1037 2794 capiti
1073 2743 1445 2794 numerusque
1481 2726 1731 2779 lucernis,
2033 2742 2079 2780 25

368 2804 569 2858 Castor
601 2803 809 2871 gaudet
845 2802 1012 2871 cquiS,
1050 2819 1152 2855 ovo
1187 2806 1484 2869 prognatus
1521 2802 1715 2854 eodem

368 2880 612 2946 Pugnis3
647 2882 781 2948 quot
815 2879 1054 2945 capitum
1089 2878 1293 2946 vivunt,
1329 2877 1561 2930 totidem
1599 2875 1903 2930 studiorum

367 2954 579 3010 Millia:
617 2972 705 3008 me
738 2953 974 3022 pedibus
1010 2953 1250 3006 delectat
1286 2953 1539 3005 claudere
1575 2951 1743 3005 verba-
1807 2952 1822 2960 ’

368 3031 545 3084 Lucili
580 3031 692 3083 ritu
728 3036 974 3082 nostrum
1011 3029 1251 3081 melioris
1286 3033 1535 3096 utroque.

370 3106 477 3162 Ille
511 3106 664 3161 velut
699 3104 823 3159 fidis
858 3119 1054 3160 arcana
1089 3103 1366 3160 sodalibus
1402 3103 1529 3157 olim
2030 3120 2078 3162 ιο
