2217 3559
60 3266 91 3365 ‘bv-d

837 109 1271 160 SATIRARUM
1305 109 1352 158 Ι.
1393 111 1436 158 1.
1873 127 1880 131 ·
1898 111 1989 157 105

261 187 423 243 Sese
457 187 621 256 ferre,
661 205 817 244 senes
853 194 917 244 ut
950 189 1006 244 in
1042 192 1155 246 otia
1188 195 1312 246 tuta
1345 191 1623 259 recedant,

265 265 480 329 Aiunt,
517 282 689 334 quum
725 265 830 319 sibi
862 267 979 320 sint
1014 273 1272 335 congesta
1307 267 1534 322 cibaria:
1573 267 1716 320 sieut

268 338 537 406 Parvula,
576 358 701 394 nam
737 342 987 409 exemplo
1023 347 1124 409 est,
1162 343 1342 410 magni
1379 343 1603 396 formica
1637 341 1839 396 laboris

265 414 399 469 Ore
438 416 611 469 trahit
647 417 789 485 quod
798 433 1010 486 cunque
1045 421 1230 485 potest
1264 422 1433 486 atque
1469 417 1628 471 addit
1662 432 1869 482 acerve,

272 492 466 555 Quem
504 492 668 545 struit
704 491 849 544 haud
884 493 1074 560 ignara
1107 510 1172 547 ac
1206 509 1312 546 non
1348 494 1564 546 incauta
1597 493 1782 546 futuri.
1941 505 1988 546 35

272 568 460 634 Quae,
494 568 655 620 simul
692 567 962 621 inversum
999 568 1286 622 contristat
1325 568 1600 636 Aquarius
1635 584 1851 634 annum,

275 642 416 697 Non
453 659 684 710 usquam
720 643 966 711 prorepit
1002 646 1060 696 et
1093 643 1202 695 illis
1237 643 1415 696 utitur
1447 647 1576 696 ante

277 717 566 781 Quaesitis
600 718 846 785 sapiens3
881 727 1050 786 quum
1085 721 1145 771 te
1180 735 1359 787 neque
1393 718 1634 771 fervidus
1669 723 1851 771 aestus

277 792 594 845 Demoveat
628 793 792 859 luere,
828 809 1007 862 neque
1042 793 1229 860 hiemS‚
1266 794 1421 861 ignis,
1456 810 1621 860 mare,
1659 793 1877 855 ferrum,

280 868 382 923 Nil
422 868 606 922 obstet
640 868 741 921 tibi
780 868 912 921 dum
946 885 1017 921 ne
1054 868 1129 922 sit
1162 873 1221 923 te
1258 868 1425 922 ditior
1459 868 1612 921 alter.
1941 882 1989 921 ιο

281 943 441 1007 Quid
467 943 630 1011 juvat
664 944 989 996 immensum
1022 947 1083 997 te
1117 945 1332 1011 argenti
1367 943 1584 1012 pondus
1620 948 1677 997 et
1711 943 1830 996 auri

283 1018 509 1072 Furtim
544 1020 758 1073 defossa
793 1019 1047 1072 timidum
1084 1019 1362 1088 deponere
1396 1019 1578 1073 terra?

282 1094 319 1121 “
338 1094 503 1158 Quod
536 1095 584 1146 si
620 1094 949 1147 comminuas
986 1093 1150 1148 vilem
1188 1094 1471 1162 redigatur
1504 1095 1577 1147 ad
1611 1094 1831 1148 assem.''

287 1171 376 1223 At
411 1170 467 1223 ni
502 1169 562 1223 id
598 1170 662 1223 fit
695 1170 833 1239 quid
866 1170 1035 1223 habet
1069 1170 1282 1239 pulchri
1318 1173 1661 1222 constructus
1695 1171 1956 1222 acervus?

286 1245 472 1298 Millia
504 1245 763 1298 frumenti
798 1249 897 1299 tua
930 1245 1150 1298 triverit
1183 1261 1312 1299 area
1347 1250 1579 1311 centum,
1947 1260 1992 1300 45

288 1319 344 1374 N
348 1337 422 1373 on
457 1325 584 1374 tuus
620 1321 720 1374 hoe
758 1321 938 1388 capiet
972 1324 1166 1374 venter
1199 1320 1323 1388 plus
1357 1336 1421 1373 ac
1455 1335 1648 1373 meus:·
1670 1322 1735 1373 ut
1769 1319 1816 1372 si

292 1396 608 1449 Reticulum
643 1396 798 1465 panis
833 1397 1050 1449 venales
1085 1397 1236 1449 inter
1269 1399 1466 1448 onusto

293 1472 466 1524 Forte
501 1472 666 1524 vehas
703 1471 944 1537 humer0‚
981 1470 1150 1524 nihilo
1185 1471 1308 1539 plus
1343 1470 1573 1537 accipias
1609 1486 1776 1538 quam

293 1547 406 1610 Qui
439 1546 516 1599 nil
552 1547 800 1615 portarit.
871 1547 977 1599 Vel
1015 1546 1103 1600 dic
1140 1546 1274 1615 quid
1309 1546 1514 1600 referat
1549 1545 1695 1599 intra

294 1623 541 1676 Naturae
577 1623 710 1676 fines
745 1623 966 1689 viventi,
995 1622 1194 1690 jugera
1229 1626 1447 1675 centiun
1483 1638 1552 1674 an
1948 1636 1997 1676 ω

295 1698 453 1752 Mille
487 1699 639 1750 aret?
710 1698 741 1724 “
759 1700 840 1751 At
875 1714 1039 1751 suave
1076 1701 1164 1750 est
1199 1714 1267 1750 ex
1304 1714 1498 1765 magno
1534 1696 1728 1751 tollere
1763 1698 1998 1751 acervo?

296 1773 444 1827 Dum
479 1790 547 1826 ex
583 1790 749 1842 parvo
786 1772 941 1825 nobis
977 1773 1303 1826 tantundem
1339 1774 1559 1826 haurire
1596 1773 1884 1841 relinquas,

297 1850 413 1902 Cur
445 1853 543 1902 tua
575 1848 696 1916 plus
732 1848 924 1901 laudes
958 1849 1193 1902 cumeris
1227 1850 1478 1916 granaria
1512 1848 1746 1902 nostris!

302 1925 380 1977 Ut
414 1923 516 1978 tibi
554 1925 599 1976 si
634 1924 709 1977 sit
745 1941 882 1993 opus
917 1924 1112 1993 liquidi
1148 1941 1255 1977 non
1291 1925 1522 1992 amplius
1558 1941 1708 1991 urna,

302 1999 407 2056 ve1
443 1999 653 2068 cyatlm,
689 2003 748 2053 et
784 2000 948 2067 dicas,
987 2001 1016 2026 “
1033 2000 1235 2067 Magno
1271 2000 1342 2054 de
1377 2000 1597 2052 flumine
1633 1999 1818 2053 malim
1956 2016 2003 2056 σε

302 2075 475 2138 Quam
511 2092 580 2128 ex
615 2075 714 2128 hoe
750 2075 1010 2129 fonticulo
1045 2076 1372 2128 tantundem
1410 2076 1668 2128 sumere.''
1719 2076 1800 2129 Eo
1837 2075 1902 2128 fit

306 2151 520 2205 Plenior
554 2155 619 2204 ut
654 2150 700 2203 si
739 2167 874 2218 quos
911 2150 1151 2204 delectet
1186 2151 1341 2218 copia
1367 2151 1521 2218 justo

301 2227 440 2281 Cum
475 2227 594 2295 ripa
630 2227 788 2280 simul
824 2226 1038 2281 avulsos
1072 2228 1216 2280 ferat
1255 2227 1489 2280 Aufidus
1523 2243 1663 2281 acer.

236 2310 249 2321 '
308 2305 384 2357 At
417 2302 512 2371 qui
549 2302 746 2355 tantuli
785 2306 912 2371 eget
947 2306 1153 2371 quanto
1191 2306 1277 2356 est
1313 2319 1449 2371 opus
1483 2303 1531 2356 is
1567 2320 1746 2372 neque
1782 2303 1910 2356 limo

303 2378 598 2434 Turbatam
615 2378 796 2431 haurit
811 2394 1006 2446 aquam
1026 2394 1204 2445 neque
1219 2377 1388 2431 vitam
1405 2379 1610 2432 amittit
1625 2379 1681 2431 in
1696 2378 1873 2433 undi8.
1960 2395 2005 2435 σο

307 2454 385 2507 At
418 2453 563 2508 bona
598 2470 725 2522 pars
761 2453 1037 2506 hominum
1072 2454 1304 2521 decepta
1339 2453 1593 2522 cupidine
1628 2455 1778 2522 falso,

306 2530 335 2556 “
350 2529 399 2580 N
405 2528 442 2580 il
466 2530 599 2581 satis
624 2529 753 2592 est,”
774 2529 984 2598 inquit3
1009 2529 1038 2554 “
1053 2530 1183 2597 quia
1201 2531 1345 2582 tanti
1370 2535 1633 2599 quantum
1658 2530 1866 2584 habeas
1888 2532 2002 2585 sisi*

308 2603 454 2667 Quid
486 2605 652 2659 facins
687 2603 801 2659 illi?
874 2603 912 2656 J
916 2603 1083 2656 ubeas
1122 2606 1377 2657 miserum
1415 2621 1533 2657 esse
1569 2605 1807 2659 libenter

310 2679 584 2743 Quatenus
617 2679 678 2731 id
712 2679 873 2743 faeit3
909 2683 972 2732 ut
1008 2679 1229 2748 quidam
1272 2685 1602 2733 memoratur
1644 2681 1876 2736 Athenis

310 2754 569 2809 Sordidus
604 2772 666 2807 ae
703 2755 869 2819 dives,
907 2754 1089 2823 populi
1126 2762 1473 2809 contemnere
1508 2773 1664 2809 voces
1959 2774 2005 2812 os

311 2829 396 2883 Sic
431 2830 647 2886 solitus:
684 2831 714 2858 “
730 2830 970 2897 Populus
1006 2847 1094 2884 me
1133 2830 1345 2895 sibilat3
1379 2834 1438 2885 at
1473 2831 1605 2883 mihi
1643 2832 1843 2900 plaudo

314 2905 435 2973 Ipse
471 2905 619 2959 domi
657 2906 816 2960 simul
851 2923 915 2960 ae
949 2923 1195 2960 nummos
1231 2906 1569 2975 contemplor
1602 2907 1659 2961 in
1695 2908 1865 2963 area.”

312 2980 564 3035 Tantalus
597 2997 632 3035 a
664 2980 832 3034 labris
868 2981 1058 3034 sitiens
1092 2982 1359 3049 fugientia
1392 2986 1578 3049 captat

315 3054 830 3120 Flumina....Quid
866 3057 1047 3113 rides?
1082 3061 1298 3113 mutato
1332 3058 1549 3111 nomine
1586 3060 1656 3114 ‘le
1690 3065 1751 3118 tc

316 3130 509 3189 Fabula
547 3137 823 3191 narratur:
863 3133 1133 3205 congestis
1168 3132 1410 3206 undique
1447 3151 1614 3193 saccis
1956 3154 2002 3195 70
