2217 3559
813 83 1327 134 EPISTOLARUM
1360 86 1405 134 Ι.
1446 88 1491 134 5.
1897 83 1986 129 165

55 197 85 228 .
220 163 417 227 Quid
461 167 656 217 voveat
693 164 838 217 dulci
872 166 1144 219 nutricula
1178 165 1358 234 majus
1394 166 1628 230 alumne,

222 241 362 306 Qui
415 259 616 312 sapere
652 245 710 295 et
745 242 848 294 fari
885 242 1058 309 possit
1093 259 1234 310 quae
1272 242 1486 301 sentiat,
1525 245 1582 295 et
1619 240 1706 294 eui

226 321 485 388 Gratia,
522 321 680 386 fama,
717 318 975 371 valetudo
1012 319 1293 386 contingat
1326 318 1561 384 abunde,
1846 377 1852 383 ,
1940 330 1986 371 ιο

232 397 324 450 Et
371 397 626 450 mundus
662 396 837 448 vietus
872 412 980 447 non
1017 395 1305 447 deficiente
1341 394 1629 447 crumena?

234 472 443 526 Inter
475 490 625 541 spem
663 488 971 539 curamque,
1006 470 1234 523 timores
1268 471 1415 523 inter
1450 473 1508 522 et
1542 469 1667 535 iraS,

240 549 513 601 Omnem
549 548 713 602 erede
751 548 898 600 diem
931 545 1037 599 tibi
1073 545 1339 599 diluxisse
1374 560 1714 612 supremum:

241 624 456 677 Grata
491 623 839 691 superveniet
876 639 1016 691 quae
1051 639 1163 675 non
1199 621 1511 690 sperabitur
1544 620 1692 672 hora.

239 699 359 752 Me
406 700 672 767 pinguem
709 703 767 752 et
800 698 1037 752 nitidum
1072 697 1216 750 bene
1251 700 1441 750 curata
1475 699 1601 750 cute
1634 695 1773 749 vises
1945 708 1988 748 15

244 774 421 827 Cum
457 775 642 827 ridere
677 772 824 827 voles
862 774 1083 841 Epicuri
1120 773 1192 826 de
1226 789 1394 840 grege
1428 770 1688 841 porcumj'

1099 912 1168 966 V.

253 997 327 1049 S1
371 1000 539 1065 potes
578 996 860 1050 Archiacis
896 996 1120 1049 conviva
1153 995 1474 1049 recumbere
1508 994 1665 1049 lectis

252 1072 397 1125 Nec
434 1072 649 1125 modica
684 1089 915 1125 coenare
952 1073 1114 1125 times
1150 1071 1267 1124 olus
1303 1088 1463 1123 omne
1499 1072 1715 1139 patella,

260 1147 551 1216 Supremo
586 1151 646 1200 te
683 1148 795 1200 sole
833 1148 997 1215 domi,
1033 1147 1323 1215 Torquate,
1358 1146 1603 1199 manebo,

265 1223 429 1276 Vina
463 1224 621 1283 bibes
657 1224 855 1276 iterum
895 1223 1072 1275 Tauro
1111 1223 1307 1275 diffusa
1340 1223 1611 1291 palustres

262 1301 442 1353 Inter
479 1299 788 1352 Minturnas
826 1299 1322 1367 Sinuessanumque
1360 1298 1663 1352 Petrinum.
1960 1313 1986 1353 ε

266 1376 331 1428 Si
373 1376 572 1429 melius
610 1375 744 1442 quid
779 1375 949 1428 habes
985 1391 1199 1428 arcesse
1234 1374 1322 1427 vel
1356 1374 1645 1442 imperium
1679 1375 1776 1428 fer.

266 1451 623 1503 ,Iamdudum
661 1450 913 1518 splendet
947 1451 1099 1504 focus
1136 1454 1194 1503 et
1230 1449 1334 1503 tibi
1369 1450 1575 1503 munda
1609 1450 1866 1518 supellex

272 1527 449 1579 Mitte
485 1527 630 1579 leves
667 1543 793 1595 spes
829 1531 887 1579 et
923 1526 1221 1579 certamina
1256 1524 1569 1578 divitiarum

60 1657 61 1660 ,
272 1602 352 1654 Et
392 1602 603 1655 Moschi
640 1619 881 1656 causam:
920 1619 1037 1655 cras
1073 1605 1203 1655 nato
1240 1602 1470 1655 Caesare
1503 1603 1677 1655 festus
1776 1648 1784 1657 .

272 1676 396 1731 Dat
428 1679 644 1732 veniam
682 1695 1038 1746 somnumque
1076 1678 1224 1743 dies3
1259 1678 1481 1746 impune
1517 1678 1708 1732 licebit
1945 1694 1987 1732 ιο

277 1754 571 1807 Aestivam
609 1772 856 1808 sermone
892 1754 1126 1822 benigno
1161 1753 1389 1808 tendere
1424 1758 1654 1809 noctem.

275 1829 403 1891 Quo
438 1830 574 1882 mihi
608 1831 881 1884 fortunam
917 1831 962 1883 si
999 1847 1105 1883 non
1143 1830 1457 1883 conceditur
1488 1830 1609 1883 uti?

277 1903 490 1958 Parcus
524 1905 594 1959 ob
631 1906 848 1960 heredis
884 1923 1067 1960 curam
1105 1906 1440 1973 nimiumque
1476 1922 1696 1959 severus

275 1981 512 2034 Assidet
546 1981 762 2035 insano:
798 1985 989 2050 potare
1025 1986 1083 2035 et
1119 1999 1377 2050 spargere
1412 1982 1573 2035 flores

278 2056 563 2126 Incipiam,
594 2057 882 2125 patiarque
917 2058 1002 2110 vel
1038 2058 1371 2111 inconsultus
1406 2058 1610 2111 haberi.
1947 2065 1993 2105 15

279 2132 431 2197 Quid
465 2150 573 2186 non
611 2133 847 2187 ebrietas
883 2133 1174 2200 designat?
1247 2134 1455 2203 Operta
1487 2133 1738 2201 recludit,

279 2209 419 2277 Spes
446 2209 613 2277 jubet
648 2226 767 2263 esse
802 2213 963 2273 ratas,
1000 2210 1072 2262 ad
1104 2210 1313 2278 proelia
1348 2209 1526 2263 trudit
1559 2210 1821 2274 inertem3

274 2284 539 2344 ‚Sollicitis
576 2286 768 2339 animis
804 2302 939 2339 onus
976 2286 1184 2351 eximit,
1221 2285 1454 2339 addocet
1489 2289 1650 2340 artes,

283 2359 530 2414 Fecundi
567 2362 759 2415 calices
795 2378 958 2428 quem
995 2378 1104 2414 non
1140 2363 1320 2415 fecere
1357 2361 1648 2415 disertum?

282 2436 580 2494 Contracta
616 2455 780 2506 quem
815 2455 922 2490 non
958 2438 1015 2491 in
1050 2441 1374 2506 paupertate
1410 2437 1685 2491 solutum?
1944 2454 1989 2493 so

284 2512 440 2567 Haec
475 2530 577 2581 ego
612 2531 904 2582 procurare
941 2518 999 2567 et
1036 2514 1265 2567 idoneus
1300 2514 1537 2581 imperor
1572 2518 1630 2567 et
1664 2531 1771 2567 non

284 2589 515 2657 Invitus,
550 2607 620 2643 ne
654 2594 818 2658 turpe
852 2590 1005 2655 toral,
1039 2607 1111 2643 ne
1147 2589 1369 2643 sordida
1402 2606 1601 2658 mappa

282 2665 554 2733 Corruget
588 2682 763 2733 nares,
799 2683 869 2718 ne
905 2683 1012 2719 non
1049 2670 1107 2719 et
1125 2721 1126 2726 ,
1142 2666 1432 2720 cantharus
1468 2670 1526 2719 et
1560 2665 1687 2719 lanx

285 2741 558 2795 Ostendat
593 2742 698 2795 tibi
733 2746 806 2809 te,
843 2759 914 2796 ne
950 2743 1091 2795 fidos
1126 2743 1270 2796 inter
1304 2743 1505 2796 amicos

285 2818 369 2871 Sit
406 2818 501 2885 qui
537 2818 686 2872 dicta
723 2820 862 2872 foras
900 2819 1162 2886 eliminet,
1198 2821 1263 2871 ut
1297 2822 1452 2871 coeat
1486 2835 1584 2885 par
1939 2831 1987 2873 ⁸23

285 2894 320 2946 J
322 2898 671 2963 ungaturque
704 2896 838 2964 pari.
909 2895 1138 2948 Butram
1174 2894 1278 2948 tibi
1313 2894 1732 2962 Septiciumque,

287 2970 359 3024 Et
393 2970 497 3024 nisi
534 2988 699 3025 coena
733 2972 881 3040 prior
914 2972 1204 3040 potiorque
1238 2971 1420 3039 puella
1456 2970 1715 3024 Sabinum

287 3045 527 3116 Detinet,
563 3064 863 3112 assumam3
896 3047 1046 3100 locus
1080 3051 1168 3100 est
1204 3051 1262 3100 et
1295 3044 1543 3116 pluribus
1577 3047 1812 3103 umbris:

288 3121 399 3176 Sed
431 3122 592 3175 nimis
626 3127 749 3176 arta
782 3128 1040 3191 premunt
1074 3124 1251 3175 olidae
1287 3124 1526 3176 convivia
1560 3140 1771 3191 caprae.
