2217 3559
216 113 309 161 152
767 113 1076 165 HORATII
1111 116 1375 165 FLAGGI
2089 0 2205 252 1

213 190 262 244 Ο
296 196 483 246 noctes
518 210 827 282 coenaeque
863 194 1061 248 deum!
1113 194 1315 266 quibus
1348 196 1470 263 ipse
1505 194 1730 263 meique
1904 207 1964 249 cs
2203 255 2204 262 χ

217 268 365 341 Anto
404 267 448 320 1,
452 285 600 322 arem
631 270 912 337 proprium
948 286 1139 323 vescor
1172 285 1479 340 vernasque
1512 286 1776 339 procaces

218 324 389 396 Pasco
424 336 608 398 libatis
644 344 890 412 dapibus.
965 345 1138 399 Prout
1172 346 1370 415 cuique
1405 346 1580 400 libido
1614 349 1728 400 est

219 417 396 472 Siccat
430 416 742 488 inaequales
778 420 972 475 calices
1008 421 1248 490 conviva,
1285 422 1497 476 solutus

221 493 264 545 J
269 493 459 560 egibus
493 489 711 562 insaniS‚
749 512 846 549 seu
882 495 1005 565 quis
1040 497 1190 564 capit
1225 497 1373 550 acria
1406 497 1567 551 fortis

223 568 420 622 Pocula
452 586 550 624 seu
585 538 812 624 modicis
846 572 1058 626 uvescit
1091 568 1305 626 laetius.
1377 572 1524 641 Ergo
1898 587 1955 627 ⁶72

222 644 410 697 Sermo
446 645 633 713 oritur,
670 663 776 700 non
814 647 886 700 de
920 646 1063 702 villis
1098 646 1421 702 domibusve
1458 648 1666 714 alienis,

222 719 339 773 Nec
373 721 516 774 male
548 738 719 776 necne
757 722 934 791 Lepos
970 724 1163 787 saltet3
1200 723 1300 776 sed
1336 724 1486 791 quod
1514 724 1688 789 magis
1720 724 1797 775 ad
1835 739 1948 775 nos

224 795 472 850 Pertinet
508 800 568 851 et
599 798 809 852 nescire
847 798 1050 852 malum
1085 802 1175 853 est
1208 798 1508 867 agitamus:
1542 803 1803 852 utrumne

223 869 443 924 Divitiis
478 872 723 927 homines
759 890 828 926 an
866 874 977 928 sint
1011 876 1218 928 virtute
1255 874 1438 939 beati3

223 944 436 1009 Quidve
471 946 544 1000 ad
577 949 858 1015 amicitias,
894 966 1025 1003 usus
1061 953 1358 1014 rectumne,
1389 950 1582 1003 trahat
1616 966 1743 1015 nos;
1893 965 1949 1005 ’25

226 1022 297 1074 Et
331 1039 470 1091 quae
507 1024 581 1077 sit
614 1028 810 1078 natura
844 1024 974 1077 boni
1009 1041 1391 1094 summumque
1427 1025 1561 1094 quid
1597 1026 1731 1094 ejus.

187 1160 205 1173 ·
223 1096 449 1151 Cervius
484 1099 616 1153 haec
649 1100 795 1153 inter
835 1099 1038 1153 vicinus
1072 1100 1249 1167 garrit
1282 1101 1455 1154 aniles

222 1171 305 1224 Ex
341 1189 401 1226 re
434 1172 674 1227 fabellas.
745 1174 803 1228 Si
839 1175 962 1242 quis
995 1191 1124 1228 nam
1158 1176 1352 1229 laudat
1392 1176 1566 1229 Arelli

222 1247 488 1302 Sollicitas
524 1249 745 1316 ignarus
780 1266 924 1317 opes²
962 1250 1040 1303 sic
1074 1250 1296 1319 incipit:
1336 1252 1365 1277 “
1382 1250 1528 1304 Olim

223 1323 480 1377 Rusticus
514 1325 782 1378 urbanum
819 1342 1030 1378 murem
1064 1343 1189 1380 mus
1220 1343 1464 1395 paupere
1499 1328 1677 1380 fertur
1888 1342 1947 1381 so

222 1401 514 1468 Accepisse
549 1417 694 1468 cav0‚
731 1405 975 1455 veterem
1011 1407 1171 1456 vetus
1206 1402 1402 1470 hospes
1436 1402 1685 1469 amicum,

222 1477 404 1544 Asper
440 1479 499 1530 et
533 1480 781 1530 attentus
818 1477 1097 1546 quaesitis,
1133 1481 1199 1532 ut
1232 1482 1419 1532 tamen
1456 1482 1638 1531 artum

221 1551 470 1605 Solveret
504 1552 755 1620 hospitiis
794 1554 1050 1607 animum.
1124 1554 1271 1617 Quid
1304 1554 1513 1608 multa?
1550 1570 1731 1622 neque
1766 1554 1862 1608 ille

221 1627 456 1695 Sepositi
493 1628 685 1681 ciceris
719 1645 820 1681 nec
857 1628 1050 1696 longae
1084 1629 1286 1683 invidit
1321 1646 1544 1697 avenae,

223 1703 458 1756 Aridum
495 1706 554 1757 et
587 1719 682 1756 ore
717 1704 898 1757 ferens
933 1705 1150 1757 acinum
1186 1721 1509 1774 semesaque
1544 1704 1686 1757 lardi
1885 1721 1936 1758 85
2185 1751 2190 1754 ,

222 1777 424 1832 Frusta
459 1778 631 1845 dedit,
669 1781 893 1847 cupiens
929 1781 1079 1834 varia
1113 1781 1337 1834 fastidia
1369 1797 1541 1834 coena

220 1855 457 1907 Vincere
492 1855 768 1922 tangentis
804 1854 944 1908 male
982 1856 1196 1923 singula
1234 1856 1403 1909 dente
1440 1855 1707 1925 superb03

221 1931 358 1984 Cum
394 1934 553 1998 pater
585 1931 703 1998 ipse
739 1929 933 1983 domus
969 1931 1126 1998 palea
1161 1934 1451 1999 porrectus
1484 1933 1542 1983 in
1578 1931 1753 1984 horna

220 2007 380 2059 Esset
415 2005 551 2059 ador
584 2006 898 2074 loliumque,
938 2006 1094 2074 dapis
1131 2007 1357 2061 meliora
1390 2006 1724 2075 relinquens

219 2083 460 2135 Tandem
475 2081 716 2135 urbanus
734 2082 806 2135 ad
824 2083 993 2136 hunc:
1019 2083 1192 2146 ‘Quid
1210 2086 1269 2136 te
1285 2082 1476 2149 juvat,'
1494 2082 1692 2149 inquit,
1719 2083 1929 2150 ‘amice‚

221 2159 508 2226 Praerupti
554 2158 792 2210 nemoris
828 2158 1132 2226 patientem
1168 2158 1351 2211 vivere
1389 2158 1586 2211 dorso?
1882 2174 1925 2213 91

220 2234 321 2286 Vis
356 2238 420 2287 tu
454 2233 702 2286 homines
737 2233 1039 2302 urbemque
1074 2234 1208 2287 feris
1243 2250 1581 2302 praeponere
1616 2232 1803 2287 silvis?

219 2310 395 2377 Carpe
430 2310 586 2374 viam,
624 2308 756 2361 mihi
792 2310 975 2377 crede,
1011 2326 1223 2375 comes;
1258 2310 1547 2362 terrestria
1581 2309 1802 2377 quando

219 2384 481 2438 Mortales
516 2385 722 2437 animas
758 2385 948 2438 vivunt
983 2385 1193 2453 sortita,
1231 2401 1412 2452 neque
1446 2383 1560 2436 ulla
1595 2388 1684 2437 est

219 2463 338 2515 Aut
373 2477 567 2528 magno
602 2464 699 2513 aut
732 2476 898 2528 parvo
933 2460 1032 2513 leti
1068 2461 1222 2528 fuga:
1274 2477 1397 2528 quc,
1431 2459 1590 2527 bone,
1627 2460 1787 2526 circu,
1880 2476 1928 2515 95

218 2537 363 2589 Dum
399 2536 526 2589 licet
560 2535 616 2589 in
654 2536 820 2589 robus
847 2535 1108 2602 jucundis
1144 2537 1272 2589 vive
1308 2535 1534 2598 beatus;

218 2613 361 2666 Vive
397 2628 605 2664 memor
641 2627 804 2678 quam
840 2613 915 2663 sis
949 2612 1071 2664 aevi
1107 2611 1317 2664 brevis?
1393 2611 1549 2664 Haec
1584 2609 1682 2662 ubi
1718 2610 1870 2663 dicta

218 2690 513 2757 Agrestem
547 2688 806 2755 pepulere
842 2686 1004 2739 domo
1039 2687 1178 2740 levis
1215 2686 1428 2751 exsilit3
1464 2686 1595 2739 inde

218 2764 399 2819 Ambo
435 2762 774 2832 propositum
809 2766 1082 2830 peragunt
1118 2763 1240 2829 iter,
1278 2762 1430 2814 urbis
1465 2764 1694 2814 aventes

216 2841 437 2894 Moenia
471 2838 724 2891 nocturni
761 2838 1072 2904 subrepere.
1145 2838 1383 2905 Jamque
1417 2837 1647 2889 tenebat
1860 2851 1924 2890 1⁰⁰

215 2917 269 2976 ‚N
272 2933 341 2970 ox
376 2914 620 2969 medium
655 2913 790 2966 caeli
826 2913 1062 2980 spatium
1099 2929 1222 2964 cum
1259 2913 1415 2980 ponit
1449 2916 1687 2980 uterque

217 2992 287 3045 In
321 2990 592 3055 locuplete
628 2987 789 3039 domo
824 2987 1070 3052 vestigia,
1106 2987 1273 3039 rubro
1308 2987 1403 3038 ubi
1439 3003 1598 3039 cocco

215 3065 408 3118 Tincta
443 3077 607 3128 super
639 3061 809 3113 lectos
843 3061 1106 3113 canderet
1141 3061 1312 3113 vestis
1348 3061 1601 3127 ebur-noe,
2187 3035 2205 3241 j

216 3138 504 3204 Multaque
540 3134 612 3185 de
646 3148 843 3198 magna
875 3137 1222 3197 superessent
1258 3135 1462 3187 fercula
1495 3152 1677 3201 coena,
