2217 3559
198 133 254 181 14
751 127 1058 175 HORATII
1094 128 1358 177 FLAOGI

942 279 1170 333 XVIII»

201 363 461 429 NULLAM‚
508 363 663 429 Vare‚
703 379 856 416 sacra
891 364 1004 416 vite
1040 365 1196 432 prius
1233 367 1436 420 severis
1471 366 1726 422 arborem

202 438 357 491 Circa
393 439 528 491 mite
565 439 738 491 solum
776 439 990 492 Tiburis
1026 444 1084 493 et
1121 442 1335 494 moenia
1373 443 1552 496 Catili.

201 513 366 567 Siccis
402 515 582 568 omnia
617 531 743 567 nam
780 514 917 567 dura
953 516 1088 569 deus
1124 518 1424 585 proposuit,
1462 534 1640 586 neque

202 590 491 644 Mordaces
529 591 690 643 aliter
726 590 1019 658 diffugiunt
1055 593 1462 646 sollicitudines.

203 666 337 730 Quis
349 671 475 736 post
490 669 614 719 vina
637 683 858 735 gravem
883 668 1132 721 militiam
1157 672 1254 722 aut
1277 669 1595 737 pauperiem
1621 673 1844 737 crepat?
1887 686 1912 724 5

205 743 341 806 Quis
367 761 474 796 non
506 747 563 796 te
588 744 784 810 potius,
815 744 1024 796 Bacche
1048 749 1224 813 pater,
1248 748 1433 813 teque,
1459 744 1659 798 decens
1685 745 1911 798 Venus?

206 822 285 871 At
319 836 389 872 ne
426 819 549 887 quis
584 819 784 871 modici
821 820 1094 872 transiliat
1127 837 1355 873 munera
1393 820 1583 873 Liberi

205 894 512 947 Centaurea
545 898 734 947 monet
770 911 892 947 cum
930 895 1178 963 Lapithis
1212 897 1331 948 rixa
1369 912 1538 964 super
1569 912 1720 949 mero

204 970 508 1036 Debellata,
546 974 731 1022 monet
769 970 1031 1023 Sithoniis
1066 988 1172 1023 non
1208 971 1344 1024 levis
1382 972 1568 1039 Euiu8‚

205 1046 344 1099 Cum
379 1046 461 1098 fas
496 1049 661 1114 atque
697 1046 850 1099 nefas
886 1047 1079 1113 exiguo
1117 1048 1223 1100 fine
1259 1046 1550 1100 libidinum
1867 1064 1914 1103 10

205 1122 540 1175 Discernunt
575 1122 736 1175 avidi.
809 1122 934 1174 Non
970 1139 1070 1189 ego
1106 1126 1179 1189 te,
1217 1122 1449 1175 candide
1485 1122 1769 1191 Bassareu,

106 1265 115 1270 ἱ
206 1198 449 1251 Invitum
486 1197 743 1265 quatiam,
780 1214 880 1249 nec
913 1198 1077 1250 variis
1114 1196 1290 1251 obsita
1324 1198 1611 1251 frondibus

205 1273 318 1327 Sub
354 1276 543 1328 divum
579 1273 801 1342 rapiam.
874 1272 1046 1325 Saeva
1081 1276 1212 1325 tene
1249 1289 1374 1326 cum
1412 1274 1734 1342 Berecyntio

205 1350 383 1403 Cornu
421 1357 691 1419 tympana,
730 1366 869 1417 quae
906 1348 1258 1416 subsequitur
1293 1366 1487 1403 caecus
1524 1354 1697 1404 Amor
1731 1354 1816 1405 sui

205 1426 277 1479 Et
313 1428 508 1479 tollens
544 1442 773 1479 vacuum
808 1425 931 1496 plus
966 1425 1133 1477 nimio
1171 1426 1355 1480 Gloria
1391 1427 1667 1495 verticem,
1866 1445 1914 1484 15

208 1504 518 1572 Arcanique
557 1501 724 1554 Fides
757 1500 1002 1569 prodiga,
1037 1500 1372 1569 perlucidior
1406 1502 1564 1558 vitro,

976 1646 1137 1702 XIX.

474 1730 686 1784 MATER
729 1746 888 1782 saeva
926 1728 1258 1796 Cupidinum

407 1806 804 1871 Thebanaeque
835 1803 999 1870 jubet
1035 1820 1122 1855 me
1160 1805 1403 1859 Semeles
1439 1822 1573 1873 puer

476 1881 549 1933 Et
585 1880 784 1932 lasciva
821 1878 1066 1931 Licentia

409 1956 606 2007 Finitis
641 1955 879 2006 animum
915 1954 1154 2007 reddere
1188 1956 1477 2010 amoribus·

475 2031 606 2083 Urit
640 2046 728 2082 ine
766 2029 1028 2097 Glycerae
1065 2031 1214 2082 nitor
1882 2050 1906 2088 5

406 2104 757 2173 Splendentis
794 2104 953 2156 Pario
990 2122 1259 2158 marmore
1295 2108 1517 2177 purius3

474 2180 603 2233 Urit
637 2184 794 2246 grata
827 2181 1159 2251 protervitas

407 2257 480 2309 Et
514 2256 696 2307 vultus
729 2256 955 2309 nimium
991 2256 1231 2309 lubricus
1267 2257 1487 2325 adspici.

477 2331 543 2382 In
579 2347 666 2383 me
701 2334 820 2384 tota
853 2348 1018 2384 ruens
1055 2333 1248 2385 Venus

408 2408 641 2475 Cyprum
679 2407 936 2473 deseruit,
972 2424 1075 2460 nec
1111 2409 1319 2475 patitur
1355 2410 1581 2479 Scythas
1866 2436 1912 2474 ιη

477 2484 548 2535 Et
583 2484 752 2536 versis
787 2484 1088 2535 animosum
1127 2484 1282 2552 equis

408 2559 669 2612 Parthum
708 2559 889 2611 dicere
925 2576 1026 2612 nec
1061 2576 1202 2629 quae
1238 2561 1373 2613 nihil
1410 2562 1661 2619 attinent.

477 2635 584 2688 Hic
619 2636 802 2688 vivum
838 2636 973 2688 mihi
1008 2637 1321 2704 caespitem,
1359 2638 1449 2691 hic

407 2711 707 2781 Verhenas,
744 2713 916 2780 pueri,
954 2713 1141 2781 ponite
1178 2713 1449 2780 thuraque

474 2786 618 2840 Bimi
655 2804 777 2846 cum
812 2791 1003 2854 patera
1038 2789 1202 2841 meri:
1859 2807 1903 2848 ιε

404 2860 650 2917 Mactata
682 2862 868 2915 veniet
902 2861 1077 2914 lenior
1113 2862 1301 2917 hostia.

989 3005 1114 3058 XX.

408 3084 549 3136 Vnae
584 3085 798 3152 potabis
833 3084 1060 3137 modicis
1097 3085 1358 3141 Sabinum

405 3158 693 3214 Cantharis
731 3160 941 3214 Graeca
976 3159 1125 3228 quod
1159 3176 1260 3227 ego
1294 3161 1412 3228 ipse
1450 3165 1599 3216 testa

2167 319 2189 347 Α
