2217 3559
292 124 355 168 60

844 106 1147 158 HORATII
1184 102 1444 154 FLACOI

572 193 709 248 Cum
744 209 845 262 per
879 191 1162 244 obstantes
1188 186 1456 255 juvenum
1492 187 1635 237 cate1
1648 199 1743 236 vas

571 270 688 323 Ibit
720 269 987 335 insignem
1022 266 1279 332 repetens
1317 260 1644 325 Nearchum,

570 344 794 400 Grande
830 347 1106 396 certamen
1142 338 1246 392 tibi
1282 335 1491 405 praeda
1525 335 1691 388 cedat

640 420 824 487 Major
857 436 926 471 an
962 417 1056 469 illi.

571 494 819 561 Interim,
857 494 987 546 dum
1025 495 1089 545 tu
1125 490 1332 544 celeres
1370 488 1599 555 sagittas

575 571 802 638 Promis,
836 569 968 621 haec
1005 568 1201 619 dentes
1235 564 1382 616 acuit
1416 561 1705 627 timendos,

574 647 803 700 Arbiter
836 660 1051 712 pugnae
1087 640 1333 710 posuisse
1369 638 1517 690 nudo

641 721 756 776 Sub
789 720 933 789 pede
967 718 1201 787 palmam

573 796 791 864 Fertur,
829 800 886 848 et
920 795 1030 847 leni
1065 807 1316 846 recreare
1352 791 1516 842 vento
1574 862 1586 874 ·
1633 862 1645 874 .

573 873 832 942 Sparsum
868 869 1111 923 odoratis
1145 867 1434 919 humerum
1469 862 1691 932 capith,

574 948 759 1012 Qualis
794 950 891 1000 aut
925 945 1129 997 Nireus
1162 943 1268 995 fuit
1303 944 1400 994 aut
1434 954 1637 1008 aquosa

643 1023 855 1092 Raptus
891 1020 963 1074 ab
1000 1019 1122 1073 Ida.

1068 1229 1227 1287 XXI.

573 1318 621 1372 O
654 1333 802 1375 NATA
836 1335 1048 1374 mecum
1085 1324 1305 1377 consule
1342 1325 1563 1393 Manli0‚

571 1394 677 1448 Seu
716 1401 779 1448 tu
815 1397 1063 1464 querelas
1101 1400 1214 1451 sive
1249 1401 1394 1466 geris
1420 1401 1575 1468 jocos

638 1469 746 1523 Seu
782 1472 957 1525 rixam
994 1478 1053 1525 et
1087 1474 1303 1527 insanos
1339 1492 1548 1530 amores

706 1546 816 1598 Seu
849 1547 1078 1615 facilem,
1117 1550 1208 1616 pia
1243 1553 1405 1618 testa,
1442 1569 1704 1622 somnum,

569 1618 900 1689 Quocunque
936 1623 1137 1676 lectum
1174 1626 1391 1679 nomine
1428 1626 1722 1682 Massicum

564 1694 773 1763 Servas,
811 1699 1016 1750 moveri
1052 1699 1219 1766 digna
1254 1701 1395 1754 bono
1432 1703 1538 1767 die,

632 1770 930 1838 Descende,
970 1773 1201 1827 Corvino
1229 1777 1463 1842 jubente

702 1847 958 1900 Promere
993 1850 1335 1916 languidiora
1369 1855 1507 1908 vina.

562 1920 615 1972 N
618 1937 687 1972 on
721 1922 826 1989 ille,
863 1940 1191 1992 quamquam
1229 1927 1515 1981 Socraticis
1553 1932 1740 1987 madet

563 1996 925 2066 Sermonibus,
964 2003 1024 2051 tc
1058 2002 1311 2068 negleget
1346 2004 1628 2059 horridus:

629 2072 898 2125 Narratur
934 2079 993 2127 et
1027 2077 1191 2143 prisci
1228 2078 1450 2131 Catonis

697 2147 869 2215 Saepe
905 2166 1054 2201 mero
1090 2151 1318 2205 caluisse
1354 2155 1540 2210 virtus

558 2221 640 2274 Tu
674 2221 797 2276 lene
832 2227 1165 2279 tormentum
1202 2227 1419 2295 ingenio
1457 2232 1718 2288 admoves

560 2296 887 2366 Plerumque
924 2299 1089 2363 dur03
1125 2306 1190 2353 tu
1226 2304 1553 2370 sapientium

625 2371 796 2425 Curas
833 2378 890 2426 et
924 2389 1179 2427 areanum
1206 2375 1397 2444 jocoso

692 2447 986 2500 Consilium
1030 2453 1230 2518 retegis
1267 2454 1483 2520 Lyae03

553 2519 636 2572 Tu
671 2538 821 2589 spem
857 2523 1073 2578 reducis
1109 2529 1380 2582 mentibus
1416 2533 1592 2585 anxiis

553 2596 837 2665 Viresque,
875 2604 933 2652 et
968 2602 1129 2654 addis
1164 2620 1365 2658 cornua
1399 2611 1665 2676 pauperi3

620 2671 753 2725 Post
787 2676 845 2726 te
881 2691 1058 2743 neque
1093 2678 1264 2732 iratos
1299 2683 1560 2735 trementi

688 2748 900 2815 Regum
936 2751 1116 2818 apices
1151 2770 1328 2822 neque
1363 2758 1597 2811 militum
1634 2776 1798 2815 arma.

548 2822 625 2876 're
662 2821 828 2875 Liber
863 2827 935 2891 et,
974 2826 1019 2877 si
1054 2827 1198 2881 laeta
1235 2830 1430 2896 aderit,
1470 2833 1659 2887 Venus

546 2898 858 2966 Segnesque
892 2900 1097 2954 nodum
1135 2905 1341 2958 solvere
1381 2908 1603 2962 Gratiae

614 2972 896 3041 Vivaeque
929 2977 1235 3042 producent
1269 2982 1540 3048 lucernae,

680 3046 828 3099 Dum
863 3049 1081 3103 rediens
1115 3050 1271 3117 fugat
1306 3060 1454 3110 astra
1493 3058 1759 3118 Phoebus.

2141 1684 2185 1773 Aa

1945 2031 1990 2068 m

1936 2420 1980 2460 15

1928 2782 1975 2820 2⁰

2155 3268 2185 3559 *fflffJ
