2217 3559
18 264 59 277 Ἢ,

17 1652 77 1755 w

758 136 1191 187 SATIRARUM
1226 138 1271 187 1.
1314 139 1387 187 10.

177 217 454 287 Magnas
490 218 823 273 Graecorum
862 220 1018 272 malis
1055 220 1285 288 implere
1323 218 1609 273 catervas?⁹

194 294 497 362 Turgidus
539 293 784 361 Alpinus
800 293 1022 361 jugulat
1057 294 1190 347 dum
1229 295 1533 359 Memnona,
1573 295 1815 364 dumque

199 370 470 437 Defingit
509 370 689 421 Rheni
724 370 933 423 luteum
969 375 1150 438 caput,
1188 369 1321 423 haee
1357 387 1458 437 ego
1493 370 1638 435 ludo,

204 446 376 508 Quae
412 462 591 513 neque
628 445 683 496 in
720 444 859 498 aede
895 449 1092 499 sonent
1127 445 1394 499 certantia
1420 446 1608 514 judice
1646 446 1834 512 Tarpa,

203 521 271 574 N
276 537 341 574 ee
379 521 611 573 redeant
646 521 848 573 iterum
884 525 1051 590 atque
1085 522 1289 575 iterum
1325 521 1620 590 spectanda
1654 521 1899 575 theatris,

208 598 442 664 Arguta
476 596 765 649 meretrice
800 600 958 663 potes
995 597 1259 666 Davoque
1298 596 1594 651 Chremeta

209 672 499 725 Eludente
537 688 724 725 senem
759 672 926 725 comis
961 673 1171 740 garrire
1209 672 1420 726 libellos

208 747 383 801 Unus
417 748 676 809 vivorum,
717 747 998 812 Fundani;
1038 748 1209 801 Pollio
1246 765 1437 815 regum

212 822 397 876 Facta
432 822 581 876 canit
616 822 758 890 pede
794 827 882 875 tei·
915 839 1201 892 percuss03
1235 824 1378 876 forte
1415 840 1544 892 epos
1576 839 1703 877 acer

211 899 301 952 Ut
338 915 501 952 nemo
539 898 742 951 Varius
778 898 964 963 ducit3
1000 899 1161 952 molle
1196 904 1362 967 atque
1397 901 1631 953 facetum

213 973 461 1041 Virgilio
497 977 806 1027 annuerunt
842 975 1144 1041 gaudentes
1179 991 1306 1028 rure
1345 976 1628 1030 Camenae.

215 1049 347 1102 Hoc
385 1052 521 1113 erat,
560 1052 789 1117 experto
824 1049 1032 1102 frustra
1067 1049 1315 1103 Varrone
1353 1052 1586 1104 Atacino

1850 139 1935 183 129

1887 233 1935 274 85

1883 611 1932 649 40

1889 994 1935 1028 45

218 1127 417 1192 Atque
455 1124 783 1191 quibusdam
819 1125 954 1191 aliis,
990 1126 1184 1178 melius
1220 1126 1367 1193 quod
1402 1127 1639 1179 seribere
1673 1142 1904 1194 possem,

218 1201 525 1252 Inventore
559 1199 764 1264 minor;
801 1216 979 1268 neque
1015 1217 1116 1267 ego
1151 1199 1228 1252 illi
1265 1199 1557 1254 detrahere
1594 1201 1768 1254 ausim

217 1275 569 1328 Haerentem
606 1275 772 1343 capiti
808 1291 930 1328 cum
965 1276 1140 1328 multa
1175 1275 1337 1328 laude
1372 1292 1638 1329 coronam.

216 1350 304 1403 At
341 1350 457 1403 dixi
494 1349 663 1404 fluere
700 1351 843 1404 hunc
878 1351 1225 1418 lutulentum,
1262 1368 1423 1419 saepe
1458 1353 1722 1405 ferentem

217 1425 390 1478 Plura
427 1425 647 1493 quidem
683 1426 926 1479 tollenda
962 1427 1351 1495 relinquendis,
1423 1428 1562 1494 Age,
1599 1444 1814 1496 quaeSO,

216 1501 304 1554 Tu
342 1501 478 1554 nihil
513 1501 568 1553 in
604 1517 798 1569 magno
834 1502 1027 1555 doetus
1060 1502 1421 1569 reprehendis
1459 1503 1740 1557 Homero‘l

217 1575 319 1628 Nil
355 1576 522 1629 comis
556 1577 750 1643 tragici
786 1580 964 1629 mutat
1001 1576 1239 1630 Lucilius
1279 1578 1450 1631 Acci?

217 1651 352 1704 Non
387 1651 534 1704 ridet
569 1668 761 1704 versus
800 1652 938 1704 Enni
973 1653 1244 1719 gravitate
1279 1653 1534 1721 minoreS,

218 1726 366 1780 Cum
403 1726 472 1779 de
509 1743 568 1779 se
603 1726 847 1795 loquitur
882 1743 988 1779 uon
1023 1731 1087 1779 ut
1123 1727 1330 1796 majore
1367 1728 1675 1798 reprensis?

220 1801 372 1865 Quid
408 1804 560 1855 vetat
596 1805 654 1855 et
688 1807 902 1856 nosmet
940 1802 1115 1856 Lucili
1152 1803 1356 1871 scripta
1389 1804 1633 1871 legentes

219 1878 517 1943 Quaerere,
554 1894 685 1929 num
722 1878 880 1943 illius,
918 1893 1049 1930 num
1084 1894 1270 1930 rerum
1307 1877 1445 1931 dura
1479 1879 1693 1945 negarit

218 1951 537 2005 Versiculos
573 1958 769 2006 natura
804 1953 975 2020 magis
1010 1953 1183 2005 factos
1219 1956 1276 2007 et
1312 1957 1505 2006 euntes

218 2027 446 2080 Mollius
481 2044 544 2080 ae
580 2029 625 2081 si
663 2030 784 2097 quis
819 2028 1052 2097 pedibus
1089 2029 1223 2097 quid
1260 2028 1516 2081 claudere
1553 2029 1709 2096 senis,

220 2101 348 2154 Hoc
383 2106 600 2156 tantum
636 2108 939 2170 contentus,
978 2107 1127 2157 amet
1163 2104 1442 2172 scripsisse
1480 2104 1742 2158 ducentos

219 2178 376 2230 Ante
413 2178 591 2231 eibum
628 2196 831 2246 vermer„
870 2179 1106 2233 totidem
1144 2183 1436 2242 coenatus;
1471 2178 1687 2233 Etrusci

220 2252 394 2316 Quale
430 2253 726 2320 fuitss‘assi
764 2254 958 2322 rapido
993 2255 1292 2308 ferventius
1328 2254 1474 2307 amni

220 2327 526 2395 Ingenium,
564 2330 740 2396 capsis
776 2346 939 2397 quem
977 2329 1124 2382 fama
1160 2334 1246 2383 est
1282 2345 1402 2383 esse
1435 2329 1699 2397 librisque

221 2402 557 2456 Ambustum
592 2405 867 2473 propriis?
942 2404 1133 2458 Fuerit
1170 2405 1423 2472 Lucilius,
1460 2405 1699 2474 inquam,

220 2478 403 2532 Oomis
439 2483 497 2532 et
534 2479 786 2545 urbanus,
823 2480 992 2532 fuerit
1028 2479 1266 2533 limatior
1299 2480 1448 2533 idem

219 2553 395 2617 Quam
431 2555 583 2607 rudis
620 2559 678 2608 et
715 2555 936 2608 Graecis
972 2556 1167 2608 intacti
1203 2557 1457 2608 carminis
1492 2560 1696 2625 auctor,

219 2628 503 2698 Quamque
540 2634 827 2699 poetarum
866 2631 1142 2683 seniorum
1179 2631 1374 2696 turba;
1410 2632 1507 2684 sed
1544 2632 1651 2698 ille,

219 2704 275 2757 Si
310 2705 454 2758 foret
489 2705 590 2758 hoc
625 2710 869 2758 nostrum
907 2706 1022 2758 fato
1059 2705 1261 2759 dilatus
1297 2707 1353 2759 in
1388 2722 1595 2773 aevum,

220 2780 514 2835 Detcreret
550 2781 655 2834 sibi
690 2783 877 2848 multa,
916 2781 1186 2835 recideret
1223 2798 1381 2836 omne
1419 2783 1566 2850 quod
1600 2782 1746 2836 ultra

220 2855 530 2910 Perfectum
567 2858 899 2924 traheretur,
938 2861 996 2910 et
1031 2857 1086 2909 in
1123 2873 1284 2910 versu
1319 2857 1566 2911 faciendo

218 2931 386 2999 Saepe
423 2938 587 3001 eaput
626 2933 875 2986 scaberet
912 2932 1061 2985 vivos
1097 2935 1157 2985 et
1192 2932 1415 2986 roderet
1450 2948 1671 3001 ungues.

219 3007 386 3075 Saepe
425 3008 613 3062 stilum
652 3012 833 3061 vertas
870 3008 1069 3060 iterum
1109 3024 1250 3075 quae
1287 3007 1452 3076 digna
1487 3008 1592 3076 legi
1630 3010 1671 3061 si
1680 3010 1743 3065 ut

216 3082 540 3152 Scripturas,
575 3100 755 3153 neque
791 3087 851 3136 te
888 3086 953 3135 ut
987 3083 1220 3136 miretur
1256 3083 1421 3137 turba
1456 3082 1688 3152 labores»,

218 3157 518 3213 Contentus
552 3158 741 3229 paucis
775 3157 1087 3212 lectoribus,
1163 3159 1255 3210 An
1291 3161 1386 3212 tua
1425 3158 1654 3216 demens

1884 1369 1931 1408 50

1886 2120 1929 2159 60
