2217 3559
848 130 1252 184 CARMINUM
1295 133 1386 186 [V.
1425 139 1471 189 4.

578 214 818 273 Dextras
855 218 1104 271 obarmet
1140 233 1407 286 quaerere
1445 216 1647 279 distuli,

578 294 696 348 Nec
732 296 870 349 scire
906 293 989 348 fas
1022 296 1115 346 cst
1149 293 1332 345 omnia
1347 293 1528 358 ;—scd
1566 293 1666 345 diu

645 370 893 438 Lateque
928 370 1179 422 victrices
1215 372 1468 421 catervae

720 445 973 498 Consiliis
1001 444 1224 512 juvenis
1260 443 1499 496 revictae

577 520 809 574 Sensere
844 519 980 589 quid
1015 535 1173 572 mens
1208 519 1333 586 rite,
1370 517 1506 586 quid
1540 518 1757 570 indoles

578 596 806 649 Nutrita
839 594 1034 649 faustis
1070 594 1175 646 sub
1209 593 1581 662 penetralibus

646 670 857 738 Posset,
894 670 1031 739 quid
1070 670 1309 735 Augusti
1344 673 1608 736 paternus

717 743 785 798 In
820 760 1021 815 pueros
1058 745 1268 810 animus
1305 743 1565 798 Nerones,

582 820 780 874 Fortes
815 822 1078 873 creantur
1107 819 1343 871 fortibus
1379 823 1439 872 et
1473 819 1661 883 bonis;

578 896 679 951 Est
713 896 771 948 in
796 892 1066 963 juvencis,
1103 899 1191 948 est
1225 895 1281 946 in
1318 895 1476 962 equis
1508 898 1730 962 patrum

646 971 855 1039 VirtuS‚
890 987 1074 1039 neque
1106 969 1383 1021 imbellem
1419 969 1631 1021 feroces

717 1047 1093 1114 Progenerant
1128 1045 1342 1113 aquilae
1378 1044 1717 1109 columbam3

578 1118 842 1174 Doctrina
876 1120 977 1174 sed
1012 1120 1123 1172 vim
1158 1124 1443 1188 promovet
1476 1121 1711 1188 insitam,

578 1194 847 1264 Rectiquc
881 1196 1061 1248 cultus
1095 1200 1319 1262 pectora
1355 1196 1614 1250 roborant
1625 1217 1644 1263 ;

646 1270 943 1340 Utcunque
979 1271 1229 1324 defecere
1263 1287 1443 1324 mores

715 1346 1045 1400 indecorant
1078 1345 1220 1399 bene
1254 1350 1383 1399 nata
1416 1347 1623 1415 culpae.

579 1419 724 1483 Quid
760 1421 979 1487 debeaS‚
1017 1437 1049 1473 o
1086 1420 1276 1486 Roma,
1314 1420 1625 1473 Neronibus

574 1492 753 1550 Testis
789 1496 1105 1549 Metaurum
1141 1494 1343 1547 flumen
1383 1499 1439 1548 et
1479 1496 1802 1549 Hasdrubal

642 1570 907 1624 Devictus
943 1575 1002 1625 et
1036 1571 1266 1638 pulcher
1298 1570 1503 1638 fugatis

714 1646 817 1699 Ille
854 1645 974 1699 dies
1011 1646 1169 1699 Latio
1204 1645 1449 1699 tenebris

575 1717 680 1783 Qui
715 1720 924 1787 primus
957 1720 1099 1773 alma
1134 1720 1255 1774 risit
1289 1721 1505 1788 adorea,

574 1793 743 1847 Dirus
777 1811 879 1862 per
912 1795 1079 1848 urbes
1119 1796 1256 1848 Afer
1289 1800 1355 1850 ut
1392 1797 1564 1850 Italas

642 1871 758 1924 Ceu
793 1871 1012 1924 flamma
1046 1888 1147 1940 per
1181 1873 1374 1925 taedas
1411 1874 1497 1926 vel
1537 1875 1714 1926 Eurus

710 1945 819 1999 Per
855 1945 1060 2000 Siculas
1096 1947 1366 2015 equitavit
1400 1948 1590 2001 undas,

573 2017 706 2074 Post
740 2021 843 2073 hoc
878 2022 1131 2076 secundis
1166 2039 1339 2091 usque
1374 2023 1655 2076 laboribus

571 2094 816 2149 Romana
850 2096 1024 2164 pubes
1059 2098 1231 2151 crevit
1266 2102 1325 2150 et
1358 2098 1525 2166 impio

637 2171 870 2224 Vastata
907 2171 1214 2225 Poenorum
1248 2174 1491 2227 tumultu

707 2246 860 2299 Fana
897 2246 1028 2300 deos
1064 2248 1307 2302 habuere
1342 2254 1549 2315 rectos;

570 2316 835 2389 Dixitque
870 2322 1093 2375 tandem
1130 2324 1373 2396 perfidus
1412 2325 1715 2381 Hannibal:

570 2394 731 2448 Cervi
764 2396 1015 2464 luporum
1049 2399 1256 2466 praeda
1290 2401 1566 2467 rapacium

637 2470 921 2524 Sectamur
954 2473 1101 2526 ultro
1137 2490 1273 2541 quos
1308 2475 1519 2543 opimus

707 2545 921 2599 Fallere
957 2552 1014 2601 et
1051 2548 1291 2615 effugere
1328 2553 1414 2603 est
1447 2550 1768 2619 triumphus,

567 2618 715 2674 Gens
751 2638 891 2690 quae
926 2628 1168 2678 cremato
1203 2625 1361 2679 fortis
1395 2624 1465 2677 ab
1503 2626 1606 2678 Ilio

567 2694 793 2749 Jactata
828 2697 1014 2751 Tuscis
1048 2700 1377 2767 aequoribus
1413 2717 1565 2754 sacra

632 2770 685 2823 N
688 2775 915 2840 atosque
950 2777 1303 2843 maturosque
1336 2780 1524 2843 patres

706 2846 942 2900 Pertulit
983 2850 1252 2903 Ausonias
1287 2851 1359 2903 ad
1394 2851 1574 2919 urbes,

566 2915 733 2972 Duris
766 2926 832 2975 ut
865 2922 974 2974 ilex
1009 2927 1170 2976 tonsa
1203 2923 1530 2992 bipennibus

564 2992 770 3060 Nigrae
804 2996 970 3049 feraci
1004 2998 1216 3051 frondis
1251 3002 1307 3051 in
1347 2999 1563 3067 Algido,

635 3069 743 3123 Por
777 3070 989 3135 damna,
1023 3089 1124 3140 per
1158 3075 1366 3139 caedes,
1404 3075 1475 3127 ab
1508 3075 1629 3143 ipso

702 3142 872 3198 Ducit
904 3161 1036 3214 opes
1071 3147 1418 3218 animumque
1452 3149 1610 3209 ferro,

1944 142 2007 191 73

1955 1662 2004 1700 40

1949 2039 1999 2078 45
