2217 3559
191 64 255 108 2²2

750 71 1026 119 HORATI
1031 72 1058 118 Ι
1095 71 1355 120 FLAOCI

545 148 836 205 Consultus
872 167 1009 216 err0,
1045 167 1188 202 nunc
1224 155 1527 207 retrorsum

612 223 752 279 Vela
787 227 919 278 dare
954 229 1120 293 atque
1154 226 1355 281 iterare
1389 242 1584 280 cursus

475 301 653 369 Cogor
687 303 936 356 relictos:
972 319 1207 370 namque
1244 300 1533 372 Diespiter.

477 378 602 446 Igni
639 396 857 432 corusco
892 378 1079 431 nubila
1116 379 1367 433 dividens

545 455 888 525 Plerumque,
925 473 1024 524 per
1059 473 1257 524 purum
1294 462 1548 512 tonantes

613 532 744 599 Egit
779 549 946 600 equos
982 533 1365 603 volucremque
1402 553 1634 606 currum,

477 607 596 670 Quo
630 607 795 661 bruta
830 608 992 661 tellus
1028 612 1086 662 et
1122 626 1259 676 vaga
1295 611 1531 677 fiumina„

476 682 596 746 Quo
633 683 766 750 Styx
803 687 861 736 et
895 683 1052 736 invisi
1091 684 1313 738 horrida
1350 687 1577 739 Taenari

545 758 716 811 Sedes
755 760 1159 826 Atlanteusque
1197 760 1321 814 finis

613 835 949 888 Concutitur.
1020 835 1187 889 Valet
1220 836 1330 889 ima
1366 839 1588 891 summis

477 910 694 964 Mutare
731 915 789 964 et
823 911 1089 979 insignem
1128 915 1377 965 attenuat
1412 914 1549 965 deus

478 986 722 1039 Obscura
755 1004 1009 1055 promens
1035 1008 1047 1052 ;
1084 988 1209 1040 hinc
1244 988 1451 1055 apicem
1487 1005 1656 1057 rapax

547 1061 787 1116 Fortuna
823 1080 946 1115 cum
983 1063 1218 1116 stridore
1255 1067 1413 1116 acuto

615 1137 862 1206 Sustulit,
897 1138 985 1192 hic
1020 1139 1266 1207 posuisse
1300 1139 1519 1205 gaudet.

936 1278 1172 1332 XXXV.

479 1361 526 1414 O
563 1380 712 1431 nm,
749 1366 968 1430 gratum
1003 1379 1144 1431 quae
1178 1362 1325 1429 regis
1363 1362 1609 1432 Antium,

479 1437 744 1491 Praesens
778 1438 863 1491 vel
900 1438 1008 1490 imo
1043 1438 1236 1491 tollere
1273 1439 1344 1490 de
1378 1439 1557 1505 gradu

546 1514 779 1567 Mortale
815 1530 1008 1582 corpus
1042 1513 1129 1565 vel
1166 1513 1430 1581 superbos

616 1588 849 1644 Vertere
881 1589 1164 1641 funeribus
1199 1589 1522 1657 triumphoS,

478 1664 554 1717 Te
587 1681 794 1733 pauper
829 1666 1002 1719 ambit
1039 1664 1269 1717 sollicita
1307 1681 1467 1732 prece

479 1740 645 1793 Ruris
682 1740 912 1807 colonuS‚
947 1745 1005 1793 te
1041 1741 1314 1793 dominam
1351 1740 1603 1808 aequoris

549 1816 866 1884 Quicunque
904 1816 1139 1883 Bithyna
1173 1815 1391 1868 lacessit

617 1891 968 1958 Carpathium
1003 1891 1227 1958 pelagus
1264 1892 1462 1945 carina.

479 1967 555 2019 Tc
592 1967 772 2019 Dacus
807 1984 980 2034 asper,
1018 1971 1074 2020 te
1111 1967 1325 2034 profugi
1363 1967 1595 2034 Scythae

478 2042 768 2111 Urbesque
801 2047 1101 2109 gentesque
1140 2046 1196 2095 et
1234 2042 1451 2095 Latium
1487 2043 1643 2095 ferox

547 2118 867 2185 Regumque
901 2121 1105 2170 matres
1141 2117 1497 2169 barbarorum
1534 2122 1592 2171 et

617 2193 882 2260 Purpurei
917 2197 1172 2246 metuunt
1207 2193 1434 2259 tyranni,

478 2269 749 2338 Injurioso
785 2286 855 2321 ne
889 2269 1030 2336 pede
1066 2284 1293 2335 proruas

479 2346 727 2399 Stantem
764 2345 1080 2410 columnam,
1121 2361 1227 2396 neu
1262 2344 1492 2410 populus
1528 2345 1787 2412 frequens

548 2422 642 2474 Ad
675 2438 826 2474 arma
860 2423 1147 2485 cessanteS,
1186 2419 1258 2472 ad
1293 2436 1445 2472 arma

615 2497 863 2550 Concitet
898 2495 1293 2563 imperiumque
1328 2496 1556 2561 frangat.

479 2573 552 2625 Tc
589 2589 803 2640 semper
837 2572 1012 2625 anteit
1049 2588 1209 2624 saeva
1247 2571 1558 2623 Necessitas

477 2650 669 2702 Clavos
703 2648 942 2701 trabales
978 2650 1035 2700 et
1071 2664 1268 2700 cuneos
1304 2663 1467 2698 manu

545 2725 780 2779 Gestaus
816 2729 966 2790 aena,
1003 2740 1102 2776 noc
1140 2739 1361 2776 severus

611 2800 798 2853 Uncus
832 2799 989 2851 abest
1024 2799 1401 2867 liquidumque
1435 2798 1733 2866 plumbum.

476 2876 552 2929 Te
588 2875 725 2943 Spes
761 2878 819 2927 et
856 2874 979 2926 albo
1015 2891 1140 2927 rara
1180 2874 1347 2926 Fides
1382 2874 1512 2926 colit

478 2950 676 3003 Velata
710 2966 888 3015 panno
924 2966 1023 3002 nec
1059 2950 1314 3002 comitem
1350 2949 1597 3016 abnegat,

546 3025 840 3090 Utcunque
877 3027 1089 3075 mutata
1126 3027 1378 3092 potentes

614 3098 787 3151 Veste
826 3097 1014 3149 domos
1049 3097 1268 3149 inimica
1301 3098 1516 3165 linquis,

1865 1081 1913 1120 15

1868 2059 1909 2098 10

1864 2437 1905 2475 1⁵

1859 2813 1905 2852 20

2125 0 2171 269 m...-

2142 1617 2171 1724 ifle„

2157 3234 2171 3334 &A
