2217 3559
11 270 95 350 Ἰ

836 119 1249 168 GARMiNuM
1280 121 1324 167 1.
1363 120 1440 167 29.
1928 122 1983 168 19

353 193 571 249 Occidit
606 197 666 249 et
703 194 921 263 Pelopis
957 197 1186 263 genitor,
1223 196 1446 249 conviva
1481 196 1723 262 deorum,

420 270 792 339 Tithonusque
831 276 1072 325 remotus
1106 271 1164 324 in
1200 288 1360 325 auras
1408 303 1412 308 -

353 345 426 399 Et
461 346 499 399 J
501 345 616 399 ovis
651 346 860 399 arcanis
897 347 1078 400 Minos
1114 347 1397 414 admissus,
1434 345 1749 415 habentque

418 422 644 475 Tartara
680 419 1022 475 Panthoiden
1056 423 1256 476 iterum
1294 422 1434 475 Orco
1944 436 1986 476 ιο

352 497 676 565 Demissum,
714 498 959 566 quamvis
993 499 1167 566 clipeo
1204 498 1436 566 Trojana
1469 498 1640 552 refixo

418 574 683 642 Tempora
718 577 956 627 testatus
993 573 1128 627 nihil
1163 574 1308 628 ultra

351 649 402 702 N
407 666 563 702 ervos
597 654 764 718 atque
799 653 982 703 cutem
1017 650 1182 703 morti
1218 654 1560 705 concesserat
1595 654 1760 718 atrae,

417 725 455 777 J
458 725 618 779 udice
653 729 712 778 te
746 741 854 778 non
889 725 1143 779 sordidus
1177 731 1366 779 auctor

352 801 595 854 Naturae
629 801 868 870 verique.
939 802 1050 855 Sed
1083 819 1272 856 omnes
1306 820 1415 857 una
1448 806 1634 856 manet
1669 818 1776 855 nox
1942 816 1984 855 15

419 877 492 930 Et
527 876 783 930 calcanda
818 879 986 931 semel
1021 879 1111 931 via
1144 879 1267 933 leti:

353 952 501 1006 Dant
536 953 669 1006 alios
707 954 905 1006 Furiae
940 957 1096 1010 torvo
1134 954 1442 1023 spectacula
1476 954 1677 1020 Marti3

420 1028 605 1082 Exitio
641 1033 727 1083 est
762 1028 982 1082 avidum
1019 1046 1170 1083 mare
1205 1031 1419 1095 11autis;

352 1104 530 1158 Mixta
565 1121 754 1158 senum
791 1121 854 1158 ae
882 1104 1146 1172 juvenum
1182 1106 1483 1159 densentur
1517 1105 1724 1168 funera,
1762 1104 1967 1157 nullum

420 1180 592 1233 Saeva
627 1183 790 1248 caput
827 1180 1152 1248 Proserpina
1187 1181 1341 1249 fugit.
1938 1196 1983 1232 20

352 1256 446 1309 Me
481 1272 698 1325 quoque
734 1256 930 1309 devexi
967 1258 1191 1324 rapidus
1227 1273 1407 1310 comes
1443 1256 1661 1309 Orionis

423 1332 651 1399 Illyricis
689 1332 867 1385 Notus
903 1331 1086 1385 obruit
1122 1332 1297 1386 undis,

353 1408 433 1459 At
466 1411 545 1472 tn,
582 1412 763 1474 nauta,
800 1424 968 1475 vagae
1003 1425 1073 1461 ne
1107 1424 1270 1476 parce
1305 1408 1571 1476 malignus
1607 1423 1802 1462 arenae

422 1482 649 1536 Ossibus
684 1489 742 1537 et
777 1484 943 1551 capiti
978 1483 1258 1537 inhumato

354 1558 682 1612 Particulam
707 1559 864 1612 dare:
895 1560 972 1612 sic
995 1559 1358 1628 quodcunque
1384 1558 1678 1612 minabitur
1704 1560 1880 1611 Eurus
1935 1572 1981 1611 25

423 1635 706 1689 Fluctibus
743 1636 1030 1704 Hesperiis
1068 1636 1378 1689 Venusinae

355 1709 671 1763 Plectantur
707 1711 870 1764 silvae
907 1715 964 1764 te
1000 1712 1218 1779 sospite,
1253 1710 1532 1779 multaque
1568 1726 1773 1763 merces

423 1786 585 1839 Unde
619 1789 803 1855 potest
837 1786 940 1839 tibi
975 1786 1183 1839 defluat
1217 1802 1391 1860 aequo

354 1862 446 1916 Ab
482 1863 623 1915 Jove
658 1863 1026 1931 Neptunoque
1062 1862 1199 1915 sacri
1233 1861 1459 1915 custode
1496 1860 1733 1915 Tarenti.

422 1939 472 1991 N
478 1938 669 2005 egligis
704 1937 991 1991 immeritis
1026 1939 1330 1991 nocituram
1935 1954 1980 1992 30

353 2013 649 2067 Postmodo
684 2018 742 2067 t‘e
776 2014 922 2067 natis
956 2013 1206 2066 fraudem
1242 2012 1619 2067 committere?
1692 2012 1827 2065 Fors
1864 2018 1922 2066 ct

421 2089 625 2143 Debita
650 2089 781 2157 jura
814 2090 1068 2158 vicesque
1105 2089 1370 2157 superbae

354 2165 430 2217 Te
465 2168 723 2218 maneant
757 2165 962 2233 ipsum:
998 2165 1249 2234 precibus
1283 2181 1390 2217 non
1426 2165 1642 2233 linquar
1676 2164 1874 2228 inultis,

422 2240 608 2309 Teque
644 2241 859 2309 piacula
892 2241 1040 2294 nulla
1074 2242 1360 2294 resolvent.

355 2315 693 2385 Quamquam
728 2316 953 2370 festinas
988 2334 1094 2370 non
1133 2320 1218 2370 est
1252 2333 1404 2369 mora
1437 2317 1596 2384 longa
1611 2338 1625 2383 ;
1659 2316 1846 2370 licebit
1931 2331 1977 2369 35

423 2392 636 2459 Injccto
671 2397 759 2455 ter
792 2393 1016 2460 pulvere
1052 2409 1252 2446 curras,

1028 2533 1241 2588 XXIX.

558 2618 684 2684 Icc1,
720 2617 898 2671 beatis
933 2634 1076 2670 nune
1113 2617 1359 2670 Arabum
1393 2617 1603 2672 invides

558 2693 732 2761 GaziS‚
769 2698 828 2746 et
862 2709 1040 2746 acrem
1076 2693 1326 2745 militiam
1362 2709 1521 2761 paras

625 2769 676 2821 N
681 2785 751 2821 on
787 2772 915 2822 ante
951 2768 1181 2821 devictis
1218 2768 1457 2821 Sabaeae

695 2843 952 2912 RegibuS‚
990 2844 1345 2912 horribilique
1382 2844 1550 2898 Medo

556 2917 609 2972 N
613 2920 746 2973 ectis
782 2924 1015 2973 catenas,
1087 2919 1238 2983 Quae
1273 2919 1376 2973 tibi
1412 2921 1681 2987 virginum
1959 2937 1985 2979 ε

559 2993 766 3063 Sponso
800 2998 996 3047 necato
1031 2993 1265 3048 barbara
1300 2996 1537 3051 serviet?

625 3070 771 3123 Puer
805 3070 927 3139 quis
963 3087 1032 3122 ex
1068 3070 1193 3123 aula
1227 3071 1433 3138 capillis

692 3145 786 3197 Ad
822 3145 1076 3212 cyathum
1114 3149 1389 3199 statuetur
1423 3147 1615 3217 unctis,
