2217 3559
243 114 334 162 114
714 78 719 81 ’
794 109 1103 159 HORATII
1138 110 1402 160 FLAOOI

241 192 409 246 Sutor
442 195 579 257 erat,
614 189 830 257 sapiens
864 189 1046 258 operis
1082 190 1161 242 sic
1197 189 1439 258 optimus
1473 186 1656 242 omnis

244 268 346 321 Est
379 267 560 335 opifex
596 266 756 333 selus,
792 265 869 319 sic
902 282 1018 319 rex.
1089 264 1322 318 Vellunt
1358 262 1466 318 tibi
1499 261 1730 318 barbam

245 342 457 396 Lascivi
491 342 678 410 pueri;
713 357 850 409 quos
884 345 951 395 tu
983 339 1089 393 nisi
1124 340 1273 393 fuste
1310 344 1531 392 coerces

244 418 477 485 Urgeris
510 416 675 470 turba
709 417 914 469 circum
948 420 1008 470 te
1044 419 1227 468 stante
1263 415 1542 482 miserque
1905 414 1948 452 ὅθ

248 493 540 561 Runiperis
576 496 636 545 et
669 492 854 558 latras,
892 507 1213 559 magnorum
1248 490 1486 542 maxime
1521 506 1732 558 regum.

247 568 335 622 Ne
370 570 590 636 longum
624 567 844 621 faciam:
881 567 1015 619 dum
1051 569 1117 620 tu
1152 565 1461 633 quadrante
1493 565 1738 618 lavatum

249 643 371 697 Rex
405 643 511 697 ibis
545 659 725 710 neque
760 646 818 696 te
855 643 1145 711 quisquam
1180 642 1414 710 stipator
1447 641 1698 708 ineptum

250 719 479 773 Praeter
517 718 825 786 Crispinum
862 718 1179 783 sectabitur,
1217 721 1277 780 et
1311 715 1447 769 mihi
1484 716 1670 769 dulces

251 796 543 863 Ignoscent
578 795 624 848 si
660 794 795 862 quid
829 809 1057 862 peccaro
1093 793 1301 846 stultus
1336 791 1512 858 amici,
1894 804 1960 843 ιιι)

252 873 429 939 Inque
464 871 636 924 vicem
672 870 887 922 illorum
923 869 1103 937 patiar
1138 869 1342 921 delicta
1377 867 1632 936 libenter,

253 947 613 1014 Privatusque
649 946 821 1013 magis
856 944 1035 999 vivam
1069 948 1129 998 te
1165 960 1298 1011 rege
1334 942 1547 997 beatus.

1048 1088 1151 1143 IV.

255 1177 495 1230 Eupoms
531 1177 700 1243 atque
738 1172 999 1226 Cratinus
1038 1170 1547 1238 Aristophanesque
1582 1173 1799 1239 poetae,

257 1255 445 1320 Atque
480 1250 571 1304 alii
607 1265 839 1318 quorum
875 1246 1157 1300 comoedia
1190 1246 1369 1314 prisca
1402 1246 1642 1298 virorum
1678 1251 1781 1313 est,

256 1329 314 1382 Si
350 1328 473 1395 quis
508 1330 630 1379 erat
666 1325 865 1391 dignus
900 1322 1137 1376 describi
1174 1322 1323 1398 quod
1358 1322 1534 1374 malus
1569 1338 1633 1375 ac
1668 1321 1776 1390 fur,

258 1403 419 1467 Quod
455 1401 709 1455 moechus
743 1399 888 1452 foret
923 1403 1019 1451 aut
1056 1398 1283 1450 sicarius
1318 1404 1415 1450 aut
1449 1397 1652 1466 alioqui

258 1480 536 1544 Famosus,
574 1475 747 1529 multa
782 1490 905 1527 cum
943 1472 1199 1526 libertate
1236 1472 1514 1526 notabant.
1947 1487 1977 1528 5

259 1556 406 1609 Hinc
440 1552 612 1606 omnis
647 1550 856 1620 pendet
892 1548 1147 1615 Lucilius„
1182 1548 1343 1601 hosce
1380 1552 1600 1601 secutus

258 1630 489 1684 Mutatis
524 1630 738 1682 tantum
773 1624 1004 1695 pedibus
1037 1624 1406 1692 numerisque,
1440 1623 1667 1691 facetus,

261 1707 563 1760 Emunctae
598 1703 762 1768 naris,
797 1701 968 1754 durus
1004 1716 1327 1767 componere
1363 1716 1566 1753 versus

263 1783 403 1834 Nam
438 1781 546 1833 fuit
580 1779 681 1832 hoc
716 1777 972 1830 vitiosus:
1010 1776 1068 1827 in
1105 1776 1239 1828 liora
1274 1792 1437 1844 saepe
1472 1775 1740 1829 ducentos

262 1858 342 1911 Ut
376 1871 631 1923 inagnum
666 1869 856 1906 versus
893 1851 1138 1905 dictabat
1174 1855 1325 1904 stans
1360 1850 1502 1919 pede
1537 1851 1593 1903 in
1631 1867 1758 1904 une.
1936 1867 1984 1906 ιο

263 1933 401 1988 Cum
437 1932 634 1984 flueret
669 1929 973 1982 lutulentus
1009 1931 1132 1979 erat
1167 1926 1318 1994 quod
1352 1927 1546 1980 tollere
1583 1926 1785 1992 velles3

263 2007 528 2062 Garrulus
563 2011 731 2074 atque
765 2004 921 2072 piger
956 2002 1233 2055 scribendi
1269 2003 1414 2055 ferre
1450 2002 1713 2066 laborem,

264 2083 550 2138 Scribendi
586 2084 764 2134 recte:
800 2096 927 2132 nam
963 2083 1027 2132 ut
1060 2077 1295 2130 multum
1331 2078 1409 2130 nil
1444 2095 1641 2131 moror.
1713 2079 1878 2148 Ecce,

266 2159 550 2227 Crispinus
583 2156 808 2210 minimo
844 2171 932 2207 me
966 2157 1253 2222 provocat:
1291 2154 1322 2179 “
1336 2154 1560 2222 Accipe,
1598 2154 1646 2208 si
1681 2153 1763 2207 vis

272 2235 546 2303 Accipiam
582 2231 826 2294 tabulas3
864 2232 1029 2283 detur
1060 2228 1219 2282 nobis
1253 2229 1418 2294 locus,
1455 2229 1601 2295 hora,
1935 2244 1985 2283 15

267 2309 566 2373 Custodes3
602 2307 883 2359 videamus
920 2308 1048 2357 uter
1082 2304 1206 2372 plus
1243 2304 1483 2358 scribere
1518 2306 1739 2373 possit.'’

267 2387 297 2414 ‘⁴
309 2386 380 2439 Di
416 2385 555 2438 bene
590 2383 841 2436 fecerunt
876 2381 1051 2446 inopis
1086 2396 1177 2432 me
1214 2380 1472 2449 quodque
1508 2381 1690 2448 pusilli

271 2462 573 2516 Finxerunt
607 2457 786 2525 animi,
822 2472 945 2509 raro
983 2460 1040 2510 et
1074 2472 1347 2524 perpauca
1381 2457 1671 2524 loquentis,

268 2541 349 2592 At
383 2542 446 2590 tu
482 2534 763 2588 conclusas
799 2531 1020 2585 hircinis
1056 2531 1276 2584 follibus
1311 2548 1486 2597 auraS,

272 2616 457 2682 Usque
493 2611 802 2665 laborantes
839 2607 970 2661 dum
1006 2607 1214 2660 ferrum
1249 2607 1458 2661 molliat
1491 2607 1648 2676 ignis,

266 2692 348 2745 Ut
384 2688 554 2743 mavis
589 2683 849 2739 imitare.’'
922 2683 1131 2736 Beatus
1168 2682 1411 2736 Fannius
1447 2682 1594 2736 ultro

267 2766 478 2821 Delatis
514 2762 689 2831 capsis
723 2764 782 2814 et
817 2759 1082 2826 imagine3
1117 2774 1241 2812 cum
1275 2775 1400 2812 mea
1432 2774 1594 2812 nemo

267 2843 483 2911 Scripta
515 2840 665 2908 legat
699 2836 860 2903 vulgo
895 2835 1129 2887 recitare
1166 2834 1412 2888 timentis
1446 2834 1518 2888 ob
1554 2835 1693 2888 hanc
1727 2851 1863 2901 rem,

267 2919 427 2984 Quod
460 2920 588 2972 sunt
616 2930 751 2983 quos
777 2927 952 2980 genus
979 2910 1082 2963 hoc
1109 2909 1334 2963 minime
1360 2910 1537 2978 juvat,
1562 2914 1759 2979 utpote
1781 2911 1979 2979 plnres

266 2994 487 3062 culpari
523 2991 732 3059 dignos.
803 2986 1058 3050 Quemvis
1094 2986 1278 3038 media
1313 3003 1443 3039 erue
1477 2986 1667 3041 turba:
1939 3009 1991 3047 κ

268 3074 388 3125 Aut
422 3068 491 3121 ob
527 3065 809 3119 avaritiam
845 3068 941 3113 aut
976 3062 1176 3113 misera
1211 3062 1509 3115 ambitione
1545 3062 1771 3118 laborat.

268 3147 378 3201 Hic
412 3147 708 3212 nuptarum
742 3137 946 3191 insanit
981 3135 1272 3204 amoribus,
1308 3137 1396 3190 hic
1428 3155 1756 3206 puerorum;
1829 3171 1857 3181 -

2189 1832 2190 1847 ι
2151 1554 2193 1747 (ηιμ-ι
2187 1424 2193 1482 -
2189 1236 2192 1302 .-
2187 1030 2192 1163 μ-
