2217 3559
0 1666 49 1785 'xl

842 93 1252 141 GARMINUM
1289 93 1393 140 III.
1434 94 1477 143 6.

666 170 726 226 Si
761 175 970 239 pugnat
1006 172 1274 224 extricata
1310 172 1496 224 densis

735 248 910 300 Cerva
945 247 1120 314 plagis
1157 248 1265 300 crit
1300 247 1393 300 ille
1430 247 1590 301 fortis

597 323 704 387 Qui
739 322 966 389 perfidis
1002 338 1062 375 se
1098 323 1337 375 credidit
1371 320 1635 388 hostibuS,

599 400 673 451 Et
710 398 892 450 Marte
929 397 1143 451 Poenos
1177 403 1426 464 proteret
1459 399 1631 452 altero

666 473 772 536 Qui
808 472 923 525 lora
956 473 1227 526 restrictis
1262 474 1482 527 lacertis

734 547 916 601 Sensit
951 548 1098 600 iners
1132 549 1428 616 timuitque
1463 553 1708 604 mortem.

596 624 706 676 Hic
743 623 889 675 unde
925 623 1094 676 vitam
1131 629 1374 677 sumeret
1408 624 1609 677 inscius

598 699 795 751 Pacem
834 698 1018 751 duello
1055 699 1287 752 miscuit.
1359 700 1405 751 Ο
1443 699 1650 767 pudor!

664 773 711 825 Ο
750 790 947 840 magna
984 774 1281 841 KarthagO,
1318 774 1596 843 probrosis

735 849 918 901 Altior
956 849 1151 902 Italiae
1187 850 1357 902 ruinis
1380 851 1422 903 !'’

593 923 797 976 Fertur
830 923 1060 993 pudicae
1096 924 1340 992 conjugis
1375 926 1615 977 osculum

596 999 908 1068 Parvosque
943 1004 1100 1052 natos
1136 1006 1201 1052 ut
1235 1000 1429 1068 capitis
1463 1002 1639 1053 minor

664 1074 758 1128 Ab
794 1091 854 1127 se
890 1076 1185 1127 removisse
1222 1080 1280 1129 et
1315 1076 1525 1128 virilem

729 1150 936 1202 Torvus
971 1149 1122 1203 humi
1156 1151 1400 1217 posuisse
1435 1151 1677 1206 vultum:

591 1225 780 1279 Donec
817 1225 1065 1278 labantes
1099 1226 1320 1278 consilio
1354 1229 1541 1294 patres

594 1300 865 1354 Firmaret
899 1304 1089 1354 auctor
1123 1317 1398 1369 nunquam
1433 1301 1565 1354 alias
1601 1300 1745 1368 date,

661 1377 927 1444 Interque
962 1379 1273 1429 maerentes
1308 1375 1509 1428 amicos

730 1451 997 1518 Egregius
1032 1455 1351 1520 properaret
1386 1451 1556 1505 exsul.

596 1527 772 1593 Atqui
809 1526 1016 1580 sciebat
1051 1542 1191 1594 quae
1228 1525 1333 1578 sibi
1368 1525 1633 1579 barbarus

592 1600 789 1654 Tortor
822 1605 1079 1670 pararet3
1113 1618 1220 1653 non
1255 1600 1416 1655 aliter
1449 1607 1632 1655 tamen

662 1676 906 1730 Dimovit
940 1677 1224 1729 obstantes
1259 1678 1592 1746 propinquos

728 1752 802 1804 Et
835 1753 1093 1821 populum
1130 1751 1345 1805 reditus
1379 1757 1700 1818 morantem,

595 1826 767 1889 Quam
804 1828 849 1880 si
885 1828 1146 1880 clientum
1182 1828 1342 1895 longa
1377 1829 1598 1896 negotia

595 1901 912 1969 Dijudicata
947 1903 1045 1955 lite
1082 1903 1437 1972 relinqueret,

664 1977 917 2031 Tendens
953 1977 1295 2031 Venafranos
1330 1979 1387 2031 in
1422 1996 1582 2046 agros

729 2054 848 2107 Aut
884 2053 1377 2107 Lacedaemonium
1414 2054 1720 2107 Tarentum.

593 2278 844 2333 Dnmc'm
879 2286 1148 2347 majorum
1183 2281 1487 2335 immeritus
1521 2282 1656 2350 lueS‚

597 2354 859 2420 Romane,
896 2356 1070 2409 donec
1105 2356 1313 2424 templa
1347 2358 1604 2411 refeceris

666 2431 964 2499 Aedesque
999 2432 1249 2485 labentes
1284 2433 1510 2486 deorum
1546 2437 1606 2486 et

733 2506 919 2559 Foeda
953 2507 1107 2573 nigro
1146 2508 1432 2561 simulacra
1465 2507 1626 2561 fumo,

594 2580 695 2633 Dis
729 2584 787 2633 te
823 2582 1087 2635 minorem
1125 2583 1273 2650 quod
1305 2583 1450 2650 geris
1487 2584 1756 2652 imperas:

596 2656 740 2709 Hinc
774 2673 935 2711 omne
969 2658 1311 2725 principium,
1348 2658 1452 2710 huc
1490 2660 1635 2712 refer
1671 2661 1892 2715 exitum.

660 2731 732 2783 Di
771 2732 944 2786 multa
977 2733 1210 2800 neglecti
1247 2733 1521 2787 dederunt

733 2807 1038 2875 Hesperiae
1074 2807 1218 2860 mala
1250 2808 1541 2864 luctuosae.

594 2881 632 2934 J
634 2898 722 2935 am
755 2882 843 2934 bis
880 2883 1169 2935 Monaeses
1205 2887 1264 2936 et
1302 2883 1489 2935 Pacori
1525 2901 1718 2939 manus

590 2956 644 3010 N
648 2973 717 3010 on
754 2957 1061 3025 auspicatos
1097 2958 1350 3011 contudit
1384 2958 1623 3025 impetus

660 3032 891 3085 Nostros
928 3038 986 3086 et
1021 3032 1291 3100 adjecisse
1326 3034 1589 3102 praedam

727 3106 1033 3176 Torquibus
1068 3108 1280 3172 exiguis
1317 3108 1547 3162 renidet.

1953 95 2017 140 49

1974 487 2023 528 35

1972 865 2019 903 40

1980 2595 2004 2632 5

1979 2954 2028 2994 10
