2217 3559
287 104 379 157 146
837 103 1149 153 HORATII
1185 104 1275 153 Fi,
1279 105 1444 154 Aco’

284 182 601 239 Pectinibus
635 183 838 252 patulis
865 183 1046 251 jactat
1081 200 1142 238 se
1176 184 1341 238 molle
1376 184 1691 238 Tarentum.

283 259 401 315 Nee
437 249 541 313 sibi
576 274 866 313 coenarum
903 259 1082 327 quivis
1116 264 1330 314 temere
1365 260 1600 329 adroget
1634 265 1994 326 artemas

284 334 337 388 N
340 353 408 389 on
444 351 597 403 pilus
633 339 826 389 exacta
860 335 1015 390 tenui
1056 336 1271 390 ratione
1314 352 1584 405 saporum.

284 411 402 468 Nee
438 411 572 465 satis
608 414 696 465 est
728 427 856 465 cara
889 413 1067 480 pisces
1101 416 1357 465 avertere
1391 427 1584 464 mensa

286 488 545 556 ignarum
581 486 779 556 quibus
814 494 902 542 est
926 487 1023 556 jus
1057 487 1242 556 aptius
1278 492 1339 541 et
1373 486 1577 574 quibus
1611 486 1748 540 assis

284 563 601 632 Languidus
635 563 693 616 in
730 563 977 617 cubitum
1003 562 1125 631 jam
1162 580 1222 617 se
1259 564 1483 617 conviva
1519 568 1760 631 reponet.

283 637 496 694 Umber
529 643 587 693 et
621 639 788 707 iligna
821 640 1062 693 nutritus
1098 639 1299 707 glande
1336 638 1602 693 rotundas
1950 653 1991 690 ω

283 714 490 770 Curvat
524 731 659 784 aper
693 715 874 768 lances
913 731 1132 769 earnem
1167 715 1393 768 vitantis
1428 714 1693 778 inertem3

283 791 428 845 Nam
466 779 729 844 Laurens
747 791 922 844 malus
958 793 1059 859 est,
1093 790 1237 844 ulvis
1272 794 1332 844 et
1367 790 1638 843 arundine
1671 789 1902 859 pinguis.

283 866 461 921 Vinea
497 865 773 921 submittit
808 882 1033 954 capreas
1069 883 1178 919 non
1215 882 1435 935 semper
1470 866 1679 920 edules.

284 943 576 998 Fecundae
611 942 811 1011 leporis
847 943 1062 1010 sapiens
1097 942 1403 996 sectabitur
1436 960 1632 997 armos.

284 1019 533 1073 Piscibus
566 1022 736 1086 atque
771 1017 963 1072 avibus
998 1035 1140 1087 quae
1174 1022 1374 1072 natura
1408 1022 1468 1073 et
1501 1019 1647 1073 foret
1681 1023 1835 1072 aetas
1945 1032 1987 1070 45

285 1097 435 1151 Ante
469 1111 651 1149 meum
687 1094 823 1147 nulli
859 1095 1040 1162 patuit
1076 1095 1328 1164 quaesita
1362 1095 1622 1164 palatum.

283 1172 425 1227 Sunt
459 1188 687 1241 quorum
724 1170 1002 1238 ingenium
1039 1188 1180 1224 nova
1214 1174 1431 1225 tantum
1466 1172 1709 1225 crustula
1744 1168 1954 1239 promit.

283 1248 646 1317 Nequaquam
681 1247 816 1299 satis
851 1246 908 1299 in
944 1263 1007 1301 re
1043 1263 1155 1300 una
1188 1263 1510 1301 consumere
1544 1264 1747 1313 curam,

284 1325 365 1378 Ut
396 1325 443 1378 si
479 1324 602 1392 quis
638 1322 811 1377 solum
847 1323 949 1377 hoc
983 1323 1129 1376 mala
1162 1340 1233 1377 ne
1269 1324 1382 1377 sint
1416 1323 1544 1378 vina
1576 1323 1806 1389 laboret,

285 1400 445 1463 Quali
479 1399 775 1469 perfundat
808 1398 988 1467 pisces
1025 1415 1249 1453 securus
1284 1399 1441 1454 olivo,
1937 1413 1983 1451 ⁵⁰

283 1476 518 1530 Massica
553 1475 600 1528 si
635 1473 784 1528 eaelo
820 1491 1089 1543 suppones
1126 1474 1252 1528 vina
1288 1491 1483 1529 sereno

285 1552 337 1605 N
340 1555 569 1606 octurna
604 1550 651 1603 si
688 1549 823 1618 quid
857 1550 1024 1603 crassi
1061 1556 1149 1604 est
1183 1551 1505 1624 tenuabitur
1539 1567 1689 1619 aura,

286 1629 360 1682 Et
393 1626 625 1681 decedet
659 1625 797 1679 odor
828 1627 1010 1679 nervis
1045 1626 1325 1690 inimicus3
1360 1629 1422 1679 at
1456 1626 1551 1679 illa

288 1704 578 1772 Integrum
613 1701 856 1771 perdunt
891 1701 1003 1755 lino
1038 1702 1235 1756 vitiata
1270 1719 1535 1771 saporem.

288 1780 613 1833 Surrentina
646 1778 798 1831 vafer
835 1778 929 1845 qui
965 1777 1160 1832 miscet
1194 1778 1347 1831 faece
1386 1778 1620 1832 Falerna
1934 1791 1977 1831 5⁵

288 1855 434 1908 Vina
467 1853 773 1909 columbino
808 1852 999 1907 limum
1034 1853 1177 1906 bene
1214 1852 1422 1922 colligit
1456 1870 1573 1920 ove,

291 1932 570 1996 Quatenus
604 1930 714 1983 ima
748 1929 893 1997 petit
926 1929 1150 1983 volvens
1185 1929 1361 1983 aliena
1396 1929 1633 1983 vitellus,

290 2006 468 2061 Testis
501 2009 834 2059 marcentem
872 2005 1083 2074 squillis
1120 2004 1391 2060 recreabis
1428 2009 1487 2059 et
1523 2005 1662 2059 Afra

293 2084 549 2137 Potorem
584 2080 831 2144 cochlea;
866 2098 990 2134 nam
1027 2082 1239 2135 lactuca
1273 2082 1489 2135 innatat
1524 2082 1636 2135 acri
1867 2145 1878 2154 1

293 2159 427 2211 Post
461 2158 645 2210 vinum
681 2156 989 2221 stomacho;
1023 2174 1196 2225 perna
1229 2157 1401 2225 magis
1437 2174 1500 2210 ac
1535 2158 1712 2225 magis
1748 2156 1882 2210 hillis
1933 2171 1971 2209 σε)

294 2231 535 2301 Flagitat
568 2231 858 2285 immersus
892 2233 1073 2297 refici3
1109 2233 1242 2302 quin
1277 2234 1461 2285 omnia
1495 2233 1653 2286 malit

295 2312 659 2377 Quaecunque
692 2308 989 2361 immundis
1025 2310 1243 2362 fervent
1277 2308 1444 2362 allata
1476 2308 1709 2377 popinis,

295 2387 397 2441 Est
430 2401 630 2454 operae
664 2384 904 2453 pretium
942 2384 1174 2452 duplicis
1210 2401 1535 2453 pernoscere
1561 2385 1708 2453 juris

295 2463 578 2517 Naturam.
651 2460 892 2528 Simplex
929 2476 961 2514 e
996 2461 1143 2513 dulei
1179 2465 1394 2515 constat
1428 2461 1583 2526 olive,

296 2538 456 2603 Quod
490 2536 680 2605 pingui
716 2537 944 2590 miseere
979 2552 1132 2589 mero
1167 2537 1455 2604 muriaque
1489 2536 1723 2604 decebit,
1930 2567 1968 2603 ἦ

296 2615 421 2669 Non
455 2613 562 2667 alia
597 2628 761 2682 quam
797 2629 905 2680 qua
941 2611 1205 2680 Byzantia
1237 2613 1424 2680 putuit
1459 2629 1598 2665 orca.

298 2692 419 2745 Hoc
452 2689 549 2742 ubi
583 2687 864 2742 confusum
902 2688 1064 2740 sectis
1098 2687 1366 2741 inferbuit
1402 2687 1588 2741 herbis

296 2766 629 2836 Corycioque
664 2779 820 2817 croco
856 2779 1105 2832 sparsum
1142 2763 1315 2831 stetit,
1349 2764 1574 2832 insuper
1610 2763 1782 2818 addes

297 2844 493 2897 Pressa
527 2840 874 2894 Venafranae
910 2839 1056 2909 quod
1095 2838 1263 2893 bacca
1297 2839 1510 2894 remisit
1545 2839 1733 2893 olivae.

297 2917 508 2972 Picenis
545 2916 750 2969 cedunt
783 2915 959 2983 pomis
999 2914 1250 2967 Tiburtia
1285 2931 1474 2979 succo;
1932 2932 1971 2974 το

297 2993 439 3048 Nam
473 2991 613 3043 facie
648 2994 945 3057 praestant.
1017 2989 1304 3043 Venucula
1338 2991 1594 3043 convenit
1629 2990 1780 3056 ollis3

297 3066 526 3120 Rectius
565 3064 838 3117 Albanam
873 3064 1023 3116 fumo
1060 3065 1345 3118 duraveris
1379 3082 1555 3118 uvam.

298 3141 462 3196 Hanc
496 3155 598 3207 ego
633 3152 756 3191 cum
792 3138 962 3202 malis,
994 3154 1096 3207 ego
1134 3139 1341 3193 faecem
1377 3141 1586 3208 primus
1622 3143 1681 3195 et
1716 3140 1854 3208 allec

2145 3369 2156 3412 μή
2132 3239 2156 3358 *m
