2217 3559
731 111 742 122 ·
827 107 1235 174 cARMINUM
1268 109 1312 158 1.
1350 112 1396 170 ε,
1435 113 1480 159 6.
1970 140 1998 183 5

301 188 376 241 Et
413 187 606 241 domus
642 190 796 240 exilis
834 187 1116 242 Plutonia:
1153 205 1261 258 quc
1298 189 1456 243 simul
1492 193 1699 260 meinis,

373 264 489 316 Nec
525 280 692 330 regna
727 264 834 316 vini
872 265 1102 342 sortiere
1138 265 1264 318 talis

301 340 351 391 N
359 356 420 392 ec
454 343 704 393 tenerum
743 340 980 407 Lycidan
1014 341 1299 406 mirabere,
1338 357 1445 408 quo
1480 341 1621 394 calet
1646 339 1909 404 juventus

369 416 422 467 N
427 432 534 469 unc
569 416 742 478 onmis
779 419 839 469 et
872 432 998 468 mox
1032 417 1270 484 virgines
1305 415 1585 484 tepebunt.
1957 436 2003 473 zo

1120 543 1189 597 V.

512 634 648 699 Qms
682 635 854 689 multa
888 635 1103 704 gracilis
1138 638 1198 688 te
1231 650 1369 702 puer
1402 633 1461 687 in
1496 651 1617 689 rosa

513 711 768 764 Perfusus
804 712 1028 781 liquidis
1060 713 1225 778 urget
1261 710 1516 764 odoribus

577 787 762 854 Grato,
801 788 1022 856 Pyrrha,
1058 786 1162 839 sub
1195 788 1394 840 antro?

644 863 745 916 Cui
781 864 974 917 flavam
1011 863 1211 931 religas
1245 879 1452 915 comam

509 939 749 1007 Simplex
785 939 1107 993 munditiis2
1182 939 1310 991 Heu
1347 940 1559 1007 quoties
1596 942 1755 993 fidem
1978 953 2003 992 σ

508 1017 860 1085 Mutatosque
896 1015 1029 1068 deos
1064 1013 1221 1068 flebit
1256 1017 1313 1070 et
1349 1030 1535 1079 aspera

572 1091 761 1158 Nigris
796 1108 1034 1160 aequora
1067 1091 1245 1144 ventis

640 1168 982 1222 Einirabitur
1015 1167 1249 1220 insolens

506 1242 610 1306 Qui
646 1260 790 1297 nunc
824 1248 884 1298 te
916 1244 1120 1297 fruitur
1154 1243 1409 1296 credulus
1446 1259 1639 1308 aurea3

507 1318 609 1382 Qui
646 1335 864 1387 semper
897 1336 1136 1386 vacuam,
1175 1335 1389 1387 semper
1424 1318 1707 1373 amabilem
1956 1334 1999 1372 ιο

571 1394 769 1462 Sperat
803 1396 1015 1449 nescius
1049 1411 1217 1449 aurae

639 1469 881 1524 Fallacia
952 1470 1143 1524 Miseri
1179 1470 1376 1540 quibus

511 1545 787 1600 [utentata
820 1547 1000 1600 nites!
1075 1547 1172 1600 Me
1208 1546 1395 1599 tabula
1431 1562 1577 1599 sacer

511 1621 704 1675 votiva
736 1622 919 1690 paries
953 1622 1162 1676 indicat
1195 1622 1360 1675 uvida

570 1697 928 1764 Suspendisse
960 1698 1176 1766 potenti
1952 1710 1997 1750 ιδ

636 1772 986 1828 Vestimenta
1018 1774 1184 1827 maris
1221 1772 1337 1827 deo·

1089 1915 1192 1968 VI.

500 1993 791 2049 Scmnnms
827 1996 997 2050 Var10
1032 1998 1191 2051 fortis
1228 2002 1287 2052 et
1321 1998 1557 2053 hostium

505 2070 688 2125 Victor
724 2073 960 2127 Maeonii
997 2074 1249 2127 carminis
1284 2075 1431 2142 alite,

500 2146 671 2210 Quam
706 2165 823 2201 rem
859 2164 1071 2218 cunque
1105 2151 1259 2203 ferox
1294 2151 1523 2222 navibus
1559 2155 1654 2204 aut
1688 2155 1838 2219 equis

565 2223 727 2276 Miles
762 2226 822 2277 te
859 2225 997 2278 duce
1032 2226 1299 2292 gesserit:

495 2296 545 2348 N
550 2315 624 2365 os,
651 2299 914 2367 Agrippa,
941 2317 1120 2368 neque
1148 2301 1281 2354 haec
1317 2301 1501 2355 dicere
1538 2318 1637 2355 nec
1671 2318 1894 2370 gravem
1966 2318 1989 2352 π

498 2374 719 2428 Pelidae
755 2375 1092 2429 stomachum
1129 2377 1325 2431 cedere
1358 2377 1527 2429 nescii

390 2465 394 2469 ·
495 2449 542 2500 N
548 2467 608 2503 ec
644 2468 834 2504 cursus
870 2452 1100 2520 duplicis
1137 2470 1236 2521 per
1270 2470 1420 2507 mare
1457 2452 1637 2507 Ulixei

552 2526 678 2600 §Nec
713 2544 928 2581 saevam
966 2529 1181 2597 Pelopis
1217 2530 1438 2582 domum

492 2601 763 2655 Conamur
797 2608 993 2657 tenues
1027 2604 1270 2672 grandia,
1308 2604 1439 2657 dum
1474 2605 1649 2672 pudor

492 2676 844 2748 Imbellisque
878 2680 1026 2747 lyrae
1063 2681 1224 2733 Musa
1257 2684 1451 2748 potens
1485 2684 1638 2742 vetat
1940 2694 1986 2736 ιο

490 2752 706 2809 Laudes
742 2755 949 2823 egregii
986 2756 1236 2809 Caesaris
1272 2759 1331 2809 et
1365 2760 1490 2810 tuas

556 2830 730 2897 Culpa
765 2831 1018 2884 deterere
1052 2832 1248 2899 ingeni.

487 2903 620 2967 Quis
655 2906 893 2960 Martem
927 2907 1114 2960 tunica
1147 2911 1354 2960 tectum
1389 2906 1740 2962 adamantina.

486 2976 664 3045 Digne
699 2982 978 3049 scripserit
1011 2986 1108 3034 aut
1140 2983 1363 3049 pulvere
1400 2982 1588 3034 Troico

487 3051 718 3120 Nigrum
754 3056 1040 3110 Merionen
1076 3062 1173 3111 aut
1209 3073 1310 3124 ope
1349 3056 1583 3109 Palladis
1938 3073 1980 3113 ιε

556 3129 799 3195 Tydiden
836 3133 1045 3200 superis
1079 3135 1307 3200 parem?
