2217 3559
277 148 336 190 84

817 114 1129 160 flORATlI
1163 113 1424 164 FLAGOI

1045 261 1185 317 XII.

473 343 652 396 Nous
687 342 846 411 longa
880 345 1030 398 serae
1066 345 1213 399 bella
1248 346 1593 416 Numantiae,

476 417 595 472 Nee
631 417 811 472 dirum
850 420 1236 489 Hannibalem,
1270 437 1371 476 nec
1408 422 1645 475 Siculum
1680 438 1839 476 mare

474 493 655 548 Poeno
688 510 1022 563 purpureum
1059 497 1320 564 sanguine
1353 497 1607 551 mollibus

542 570 741 638 Aptari
776 571 1019 625 citharae
1054 573 1268 638 modis;

472 645 589 699 Nec
624 662 811 699 saevos
847 647 1107 715 Lapithas
1146 653 1203 702 et
1238 648 1467 702 nimium
1502 667 1655 705 meru

475 721 744 788 Hylaeum
779 722 1125 792 domitosque
1164 724 1441 778 Herculea
1474 742 1638 779 mauu

471 795 702 850 Telluris
729 798 973 866 juvenes,
1011 798 1161 852 unde
1196 800 1495 867 periculum

542 871 781 941 Fulgens
815 874 1142 935 contremuit
1181 874 1374 927 domus

477 946 697 1001 Saturni
734 949 970 1014 veteris3
1006 953 1179 1018 tuque
1214 949 1560 1017 pedestribus

473 1022 633 1076 Dices
666 1023 910 1077 historiis
943 1026 1150 1092 proelia
1185 1025 1447 1095 Caesaris,
1927 1046 1982 1085 lo

470 1098 772 1167 Maecenas,
807 1100 1000 1153 melius
1036 1101 1310 1169 ductaque
1343 1118 1447 1170 per
1479 1101 1593 1156 vias

543 1175 756 1243 Regum
792 1176 927 1228 colla
960 1176 1270 1232 minacium.

472 1250 566 1304 Me
601 1251 786 1305 dulces
823 1252 1074 1305 dominae
1112 1253 1273 1305 Musa
1309 1252 1616 1320 Licymniae

472 1327 693 1394 Cantus,
726 1344 815 1380 me
850 1327 1020 1380 voluit
1055 1327 1239 1381 dicere
1273 1327 1514 1381 lucidum

473 1402 770 1471 Fulgentes
806 1403 988 1456 oculos
1024 1407 1083 1457 et
1119 1402 1259 1457 bene
1295 1403 1500 1456 mutuis
1924 1420 1977 1463 13

541 1478 740 1532 Fidum
775 1482 967 1546 pectus
1002 1479 1312 1544 amoribus3

474 1554 647 1618 Quam
681 1572 784 1608 nec
817 1554 963 1608 ferre
997 1554 1197 1623 pedem
1234 1554 1493 1609 dedecuit
1528 1554 1717 1618 choris,

471 1630 523 1682 N
527 1646 589 1683 cc
621 1633 833 1684 certare
858 1630 985 1697 joco
1019 1646 1122 1683 nec
1158 1630 1291 1683 dare
1327 1630 1548 1684 brachia

472 1705 777 1759 Ludentem
815 1705 1003 1759 nitidis
1038 1705 1341 1773 virginibus
1376 1721 1526 1759 sacro

539 1781 746 1834 Dianae
781 1780 1007 1834 celebris
1043 1782 1148 1835 die.
1918 1799 1971 1838 ω

470 1856 617 1909 Num
652 1862 716 1910 tu
751 1872 890 1923 quae
923 1857 1103 1910 tenuit
1140 1857 1293 1910 dives
1330 1857 1717 1925 Achaemenes,

470 1933 588 1985 Aut
622 1931 840 1999 pinguis
878 1931 1146 1999 Phrygiae
1182 1933 1504 2002 Mygdonias
1538 1948 1669 2001 opes

471 2007 791 2060 Permutare
824 2006 957 2059 velis
991 2008 1141 2061 crine
1177 2007 1500 2077 Licymniae,

539 2082 735 2135 Plenas
770 2085 868 2135 aut
904 2082 1153 2136 Arabum
1190 2084 1418 2139 dom0s2

468 2158 614 2210 Dum
650 2157 935 2226 flagrantia
969 2157 1267 2227 detorquet
1300 2160 1375 2213 ad
1409 2159 1591 2214 oscula

469 2234 749 2288 Cervicem
783 2237 880 2287 aut
913 2234 1058 2287 facili
1093 2235 1320 2289 saevitia
1352 2239 1532 2304 negat,

470 2309 622 2373 Quae
656 2314 918 2379 poscente
953 2310 1127 2378 magis
1162 2311 1401 2378 gaudeat
1435 2310 1587 2381 eripi,

538 2386 825 2440 Interdum
860 2402 1056 2454 rapere
1093 2391 1335 2456 occupet.

1022 2528 1192 2582 XIII.

464 2612 600 2664 ILLE
639 2616 695 2665 et
730 2612 940 2665 nefasto
979 2616 1033 2665 te
1067 2612 1248 2679 posuit
1284 2611 1389 2680 die,

467 2688 785 2757 Quicunque
820 2689 1069 2757 primum,
1106 2692 1166 2742 et
1201 2690 1463 2757 sacrilega
1498 2706 1661 2745 manu

534 2764 815 2830 Produxit,
851 2763 1027 2831 arbOS,
1062 2765 1120 2816 in
1155 2768 1412 2833 nepotum

602 2840 901 2893 Perniciem
938 2840 1393 2908 opprobriumque
1428 2842 1585 2910 pagi3

465 2914 628 2969 Illum
664 2921 722 2970 et
757 2917 1000 2984 parentis
1035 2916 1361 2969 crediderim
1397 2917 1481 2969 sui
1935 2935 1963 2978 c

466 2990 718 3058 Fregisse
753 2992 1013 3044 cervicem
1050 2995 1108 3043 et
1144 2992 1442 3058 penetralia

533 3064 805 3132 Sparsisse
840 3070 1102 3119 nocturno
1140 3082 1330 3119 cruore

604 3139 889 3208 Hospitis:
923 3140 1015 3192 ille
1050 3156 1255 3192 venena
1291 3141 1538 3197 Colchica
