2217 3559
695 113 706 124 ·
793 109 1364 178 CARMINUM1.5‚
1403 116 1447 162 6.
1938 144 1966 187 5

266 190 339 244 Et
376 189 570 243 domus
606 192 761 242 exilis
799 190 1082 246 Plutonia:
1120 208 1228 260 que
1265 193 1425 245 simul
1460 197 1666 264 meariS,

336 266 453 318 Nec
488 281 656 332 regna
691 266 800 318 vini
837 267 1068 321 sortiere
1103 268 1231 320 talis

266 342 313 393 N
322 358 383 394 00
417 345 667 395 tenerum
707 343 946 409 Lycidan
972 325 1265 410 mirabere,
1304 360 1412 411 quo
1447 344 1588 398 calet
1613 342 1876 408 juventus

332 418 385 469 N
390 434 498 471 11110
533 419 706 481 onmis
744 421 804 471 et
837 435 964 471 mex
998 420 1236 487 virgines
1271 418 1552 487 tepebunt.
1923 440 1970 476 ευ

1084 546 1154 600 V.

475 637 611 702 Qms
646 638 818 692 multa
853 638 1068 707 gracilis
1102 641 1163 691 te
1197 653 1334 705 puer
1369 636 1427 690 in
1461 655 1583 693 resa

476 713 732 767 Perfusus
768 714 992 783 liquidis
1025 716 1190 781 urget
1226 712 1481 767 odoribus

541 789 726 857 Grate‚
765 791 986 858 Pyrrha,
1022 789 1126 843 sub
1160 792 1359 843 antro?

608 866 709 918 Cui
745 866 938 919 flavam
975 866 1175 934 religas
1210 882 1417 918 comam

472 941 713 1009 Simplex
748 942 1071 996 munditiis?
1146 942 1275 994 Heu
1310 944 1524 1009 quoties
1560 945 1719 995 fidem
1942 956 1967 995 σ

471 1018 823 1086 Mutatosque
860 1017 993 1071 dees
1028 1016 1185 1070 flebit
1220 1019 1278 1074 et
1314 1033 1499 1081 aspera

536 1093 725 1160 Nigris
759 1111 998 1162 aequora
1031 1094 1209 1148 ventis

604 1170 944 1223 Emirabitur
977 1170 1212 1223 insolens

469 1244 574 1308 Qui
609 1262 754 1299 nunc
789 1250 847 1300 te
879 1246 1082 1299 fruitur
1117 1246 1372 1299 credulus
1409 1261 1601 1310 aurea3

469 1320 572 1383 Qui
609 1337 826 1389 semper
860 1338 1097 1388 vacuam,
1137 1337 1352 1389 semper
1388 1321 1670 1375 amabilem
1918 1337 1961 1375 ιο

534 1396 732 1464 Sperat
766 1398 978 1450 nescius
1012 1414 1179 1451 aurae

602 1471 844 1526 Fallacia
914 1472 1104 1526 Miseri
1142 1473 1338 1543 quibus

473 1546 750 1601 [utentata
782 1549 962 1601 nites!
1038 1548 1134 1602 Me
1168 1548 1357 1602 tabula
1393 1564 1539 1601 sacer

473 1622 667 1675 Votiva
699 1624 881 1691 paries
915 1623 1124 1677 indicat
1157 1624 1322 1677 uvida

532 1697 890 1764 Suspendisse
922 1700 1138 1767 petenti
1913 1713 1957 1753 1⁵

599 1773 947 1829 Vestimenta
980 1776 1146 1829 maris
1182 1774 1299 1828 dee.

1050 1917 1153 1970 VI.

460 1995 753 2050 Seiussems
789 1998 958 2051 Vario
993 1999 1152 2052 fertis
1189 2001 1247 2053 et
1282 1999 1517 2055 hostiiun

465 2072 650 2126 Victor
686 2074 922 2128 Maeonii
958 2076 1209 2128 carminis
1244 2076 1391 2143 alite,

461 2147 633 2211 Quam
668 2166 784 2203 rem
820 2167 1031 2219 cunque
1065 2152 1219 2204 ferox
1254 2153 1483 2224 navibus
1519 2156 1615 2206 aut
1649 2157 1798 2221 equis

526 2224 688 2277 Miles
723 2228 783 2277 te
820 2226 958 2279 duce
992 2228 1259 2293 gesserit:

436 2295 587 2365 Nos,
612 2300 875 2369 Agrippa,
901 2318 1079 2369 neque
1106 2303 1241 2355 haec
1277 2303 1461 2356 dicere
1498 2320 1597 2358 nee
1631 2320 1853 2373 gravem
1925 2321 1948 2355 π

458 2374 679 2428 Pelidae
715 2376 1051 2429 stomachum
1089 2378 1285 2431 cedere
1318 2380 1486 2431 nescii

347 2466 351 2469 ’
455 2449 570 2503 Νο0
605 2468 794 2504 cursus
830 2453 1060 2520 duplicis
1096 2471 1196 2522 per
1230 2472 1380 2508 mare
1417 2455 1595 2509 Ulixei

522 2526 638 2580 Nec
673 2544 797 2581 saei
800 2545 888 2581 ain
926 2529 1141 2598 Pelopis
1177 2531 1397 2583 domum

451 2595 724 2656 Genamur
757 2608 953 2657 tenues
987 2605 1229 2672 grandia,
1266 2607 1399 2658 dum
1433 2607 1608 2673 pudor

452 2676 804 2748 Imbellisque
839 2679 891 2747 ly
894 2697 986 2733 rae
1023 2681 1183 2733 Musa
1216 2685 1410 2749 potens
1444 2685 1596 2744 vetat
1899 2697 1945 2738 10

449 2752 666 2808 Laudes
701 2756 908 2823 egregii
946 2756 1195 2810 Caesaris
1231 2761 1290 2811 et
1325 2761 1449 2810 tuas

516 2829 690 2897 Culpa
725 2831 977 2885 deterere
1012 2833 1207 2899 ingeni.

446 2903 579 2967 Quis
615 2906 853 2959 Martem
887 2908 1072 2960 tunica
1107 2911 1313 2960 tectum
1348 2907 1698 2964 adamantina

445 2976 623 3046 Digne
659 2982 936 3050 scripserit
970 2985 1067 3035 aut
1099 2984 1321 3050 pulvere
1359 2983 1546 3035 Troico

445 3052 677 3120 Nigrum
713 3057 1000 3110 Merionen
1035 3062 1132 3111 aut
1167 3074 1269 3126 ope
1307 3057 1541 3111 Palladis
1896 3076 1938 3116 15

514 3129 760 3194 Tydiden
795 3133 1004 3200 superis
1038 3137 1265 3200 parem?
