2217 3559
742 110 1149 160 CARMINUM
1183 109 1279 159 IV.
1321 111 1393 159 13.

575 271 789 355 Regum
824 272 909 320 est
943 267 1057 320 ulta
1091 258 1356 319 libidines

505 344 709 398 Dicunt
740 342 798 396 in
833 345 1022 429 tenero
1056 341 1300 409 gramine
1336 340 1613 409 pinguium

505 419 774 473 Custodes
807 414 989 471 ovium
1024 413 1264 470 carmina
1297 416 1496 482 fistula,

505 491 904 562 Delectantque
940 493 1102 546 deum
1139 492 1225 545 cui
1259 509 1425 560 pecus
1460 495 1517 545 et
1552 490 1693 558 nigri

573 570 753 624 Colles
788 569 1058 622 Arcadiae
1092 569 1327 637 placent.

503 646 807 700 Adduxere
843 645 989 698 sitim
1026 648 1286 712 tempora,
1311 643 1544 711 Virgili3

503 722 614 776 Sed
648 737 894 790 pressum
932 720 1152 774 Calibus
1187 720 1386 773 ducere
1423 718 1683 773 Liberum

501 797 561 851 Si
596 796 775 864 gestis
801 794 1067 863 juvenum
1101 795 1362 848 nobilium
1403 795 1585 862 cliens,

570 873 622 925 N
626 872 760 926 ardo
793 871 918 924 vina
951 871 1247 924 merebere.

502 948 554 1002 N
560 948 680 1003 ardi
709 964 910 1017 parvus
943 963 1084 1013 onyx
1120 946 1300 1000 eliciet
1335 946 1530 1000 cadum

503 1023 607 1088 Qui
641 1040 782 1076 nunc
818 1023 1067 1091 Sulpiciis
1101 1021 1328 1076 accubat
1361 1022 1587 1089 horreiS,

502 1099 638 1168 Spes
672 1099 875 1151 donare
910 1113 1075 1150 novas
1111 1098 1292 1165 largus
1327 1113 1620 1167 amaraque

570 1175 835 1229 Curarum
870 1173 1051 1226 eluere
1076 1173 1279 1227 efficax,

501 1250 596 1303 Ad
631 1265 771 1319 quae
807 1249 851 1302 si
886 1265 1145 1318 properas
1177 1248 1392 1316 gaudia,
1429 1265 1551 1301 cum
1589 1252 1684 1302 tua

501 1325 677 1378 Velox
711 1341 890 1378 merce
927 1326 1082 1378 veni:
1121 1341 1228 1378 non
1263 1341 1363 1392 ego
1398 1328 1456 1377 te
1492 1324 1629 1378 meis

502 1402 807 1455 Immunem
843 1400 1080 1453 meditor
1120 1401 1329 1468 tingere
1364 1400 1585 1469 poculis,

571 1477 737 1530 Plena
771 1476 924 1529 dives
960 1479 1021 1529 ut
1055 1476 1113 1528 in
1149 1476 1324 1530 dome.

501 1552 709 1605 Verum
744 1568 884 1620 pone
919 1568 1098 1604 moras
1133 1554 1191 1604 et
1227 1551 1470 1605 studium
1507 1551 1657 1619 lucri,

499 1628 898 1695 Nigrorumque
931 1643 1152 1694 memor,
1189 1627 1320 1680 dum
1353 1627 1497 1694 licet,
1530 1626 1737 1696 ignium

500 1703 670 1757 Misce
705 1701 990 1755 stultitiam
1026 1702 1258 1755 consiliis
1291 1702 1545 1758 brevem:

568 1777 740 1831 Dulce
774 1780 860 1831 est
895 1776 1144 1845 desipere
1177 1778 1235 1831 in
1269 1778 1400 1832 loco,

499 2003 818 2071 Aunmnnn,
856 1919 1104 2071 Lyoeffi}
1113 1919 1262 2057 Iinea
1295 2005 1435 2069 vota,
1472 2003 1530 2058 di

501 2078 792 2145 Audivere,
834 2078 998 2147 Lyce:
1035 2079 1101 2132 fis
1135 2095 1286 2148 anuS,
1322 2083 1380 2133 et
1413 2084 1597 2134 tamen

567 2154 667 2206 Vis
701 2155 937 2208 formosa
969 2154 1147 2207 videri

635 2222 915 2291 Ludisque
951 2227 1010 2276 et
1043 2222 1188 2276 bibis
1223 2223 1511 2291 impudens

499 2298 573 2351 Et
606 2302 769 2351 cantu
801 2298 1034 2351 tremulo
1067 2301 1199 2366 pota
1236 2299 1560 2367 Cupidinem

501 2374 735 2427 Lentum
770 2373 1041 2427 sollicitas.
1114 2373 1218 2427 Ille
1253 2375 1479 2428 virentis
1514 2378 1573 2429 ct·

566 2448 774 2501 Doctae
809 2448 1043 2516 psallere
1080 2449 1249 2502 Chiae

635 2522 883 2576 Pulchris
918 2523 1154 2577 excubat
1187 2525 1243 2577 in
1278 2526 1447 2592 genis,

500 2597 850 2665 Importunus
884 2599 1029 2652 enim
1064 2602 1367 2653 transvolat
1401 2601 1584 2654 aridas

496 2672 754 2741 Quercus,
789 2678 847 2728 et
880 2674 1082 2741 refugit
1119 2681 1176 2728 te
1212 2676 1342 2744 quia
1375 2676 1542 2729 luridi

563 2746 786 2815 DentcS,
822 2753 880 2802 te
915 2752 1043 2816 quia
1077 2766 1245 2817 rugae

633 2823 874 2891 Tul-pant
908 2829 967 2876 et
999 2824 1193 2891 capitis
1229 2825 1392 2880 nives.

494 2897 547 2953 Ν
552 2914 614 2951 ec
650 2898 792 2952 Coae
826 2915 904 2951 rel
891 2900 1070 2951 erunt
1096 2899 1214 2965 jam
1250 2900 1355 2953 tibi
1390 2919 1664 2971 purpurae

495 2973 615 3029 Nec
649 2974 781 3028 clari
815 2974 1024 3042 lapides
1060 2978 1324 3045 tempora,
1361 2994 1502 3045 quae
1537 2978 1706 3033 semol

562 3049 724 3102 Notis
757 3049 973 3102 condita
1006 3049 1163 3102 fastis

634 3117 865 3174 Inclusit
892 3123 1122 3179 volucris
1157 3125 1290 3183 dies.

1861 111 1890 157 8

506 196 810 249 Aeternum
847 191 1208 278 opprobrium,
1243 189 1391 259 quod
1427 189 1565 242 male
1600 188 1861 242 barbaras
1896 113 1919 161 ¹

1886 421 1923 460 uz

1873 2692 1918 2734 1⁰
