2217 3559
11 264 55 291 ΙΝ,

12 1680 67 1765 Ὢ,

795 122 1228 172 SATIRARUM
1262 122 1309 171 I.
1346 125 1374 170 8
1384 160 1394 171 .
1857 118 1946 164 125

216 200 436 257 Terret
472 203 583 256 fixa
617 205 880 270 vetatque
916 204 1068 257 novis
1104 205 1387 257 considere
1424 202 1476 252 in
1515 198 1704 251 hortis

220 279 370 332 Huc
404 279 557 347 prius
593 280 838 345 angustis
875 280 1053 345 ejecta
1088 280 1354 333 cadavera
1387 277 1534 330 cellis

221 353 549 407 Conservus
586 354 679 406 vili
717 355 986 422 portanda
1019 354 1237 408 locabat
1272 356 1330 406 in
1361 368 1499 406 arca.

223 428 364 482 Hoc
400 430 630 482 miserae
664 429 813 497 plebi
850 430 1035 484 stabat
1070 447 1355 483 commune
1392 428 1715 496 sepulcrum,
1905 440 1945 478 10

224 503 542 559 Pantolabo
577 522 795 558 scurrae
832 506 1287 573 Nomentanoque
1317 505 1529 572 nepoti:

223 579 394 633 Mille
430 581 602 648 pedes
636 580 694 633 in
727 581 924 647 fronte,
964 585 1239 635 trecentos
1275 582 1465 649 cippus
1499 581 1556 632 in
1593 595 1783 645 agrum

227 656 350 709 Hic
386 655 588 709 dabat:
631 656 888 710 Heredes
923 661 1334 710 monumentum
1371 673 1440 709 ne
1476 658 1813 723 sequeretur.

228 731 288 784 N
292 748 400 784 unc
435 732 564 785 licet
603 731 861 798 Esquiliis
897 732 1148 786 habitare
1185 731 1491 785 salubribus
1524 736 1691 797 atque

229 809 467 874 Aggere
502 807 558 859 in
593 808 775 875 aprico
813 807 1051 875 spatiari,
1089 823 1199 875 quo
1234 806 1396 860 modo
1431 805 1623 858 tristes
1903 816 1944 855 15

230 882 400 936 Albis
436 883 723 935 informem
760 882 1082 951 spectabant
1118 882 1330 936 ossibus
1365 897 1587 948 agrum3

229 957 379 1011 Cum
411 958 546 1010 mihi
581 974 689 1009 11011
726 960 939 1011 tautum
973 958 1233 1025 furesque
1271 959 1530 1024 feraeque
1567 958 1755 1009 suetae

231 1034 405 1087 Hune
443 1051 640 1087 vexare
675 1034 853 1087 locum
888 1050 1050 1087 curae
1087 1038 1216 1087 sunt
1250 1037 1418 1101 atque
1453 1032 1642 1097 labori,

231 1110 519 1173 Quantum
555 1110 884 1162 carminibus
922 1126 1062 1178 quae
1098 1113 1318 1163 versant
1355 1113 1522 1175 atque
1559 1108 1781 1161 venenis

231 1185 526 1237 Humanos
561 1185 783 1239 animos,
856 1185 974 1237 Has
1011 1186 1159 1237 nullo
1195 1184 1428 1252 perdere
1463 1200 1684 1251 possum
1898 1199 1945 1235 a>

227 1260 357 1313 Nec
391 1260 685 1328 prohibere
722 1260 898 1326 modo,
937 1261 1096 1313 simul
1134 1277 1197 1313 ac
1233 1277 1368 1327 vaga
1403 1259 1532 1311 luna
1567 1259 1826 1313 decorum

229 1335 476 1388 Protulit
512 1352 586 1403 03,
625 1336 758 1404 quin
793 1353 914 1389 ossa
951 1336 1137 1403 legant
1174 1336 1480 1402 herbasque
1516 1338 1788 1387 nocentes

228 1411 373 1463 Vidi
412 1415 631 1477 egomet
668 1411 825 1479 nigra
863 1411 1190 1464 succinctam
1228 1410 1429 1463 vadere
1467 1409 1613 1477 palla

227 1486 522 1540 Canidiam
559 1486 793 1554 pedibus
830 1487 994 1539 nudis
1034 1503 1309 1555 passoque
1346 1485 1554 1553 capillo,

228 1562 377 1615 Cum
416 1562 629 1629 Sagana
664 1562 872 1630 majore
910 1563 1242 1615 ululantem:
1286 1560 1459 1629 pallor
1498 1564 1760 1627 utrasque
1898 1575 1946 1613 25

229 1638 470 1691 Fecerat
508 1638 807 1691 horrendas
846 1638 1123 1705 adspectu.
1195 1637 1448 1704 Scalpere
1487 1639 1693 1689 terram

227 1707 527 1780 Unguibus
568 1717 628 1766 et
665 1714 869 1781 pullam
909 1714 1171 1766 divellere
1211 1712 1485 1765 mordicus
1523 1728 1717 1778 agnam

227 1788 584 1856 Coeperunt3
623 1805 782 1842 cruor
819 1789 875 1841 in
910 1790 1112 1842 fossam
1149 1789 1402 1842 confusus
1441 1798 1505 1840 ut
1541 1786 1670 1840 inde

225 1864 429 1917 Manes
467 1864 744 1930 elicerent,
771 1865 979 1918 animas
1018 1881 1279 1932 responsa
1318 1863 1555 1917 daturas,

230 1938 423 1992 Lanea
466 1944 523 1992 et
566 1940 774 2007 effigies
813 1943 948 2006 erat,
987 1940 1163 1992 altera
1200 1956 1388 1992 cerea:
1429 1939 1602 2006 major
1900 1954 1946 1992 zo

227 2010 437 2082 Lanea,
476 2031 617 2082 quae
652 2015 841 2083 poenis
881 2018 1254 2083 compesceret
1291 2014 1633 2079 inferiorem3

230 2090 413 2143 Cerea
450 2089 771 2157 suppliciter
808 2090 991 2143 stabat
1031 2090 1319 2143 servilibus
1357 2092 1423 2143 ut
1458 2106 1601 2157 quae

229 2165 369 2218 Jam
408 2166 655 2233 peritura
693 2165 884 2219 modis.
958 2166 1210 2219 Hecaten
1249 2169 1406 2218 vocat
1442 2166 1631 2231 altera,
1676 2180 1890 2217 saevam

232 2240 438 2293 Altera
477 2241 840 2308 Tisiphonen3
877 2245 1167 2309 serpentes
1202 2245 1370 2308 atque
1407 2240 1626 2293 videres

230 2316 491 2368 Infernas
530 2332 715 2368 errare
753 2333 928 2384 caneS‚
969 2317 1285 2385 Lunamque
1324 2315 1611 2368 rubentem
1902 2332 1946 2369 35

235 2393 326 2445 Ne
365 2393 508 2445 foret
545 2393 630 2445 his
669 2393 830 2446 testis
868 2396 993 2460 post
1030 2409 1229 2458 magna
1265 2392 1438 2444 latere
1478 2390 1727 2459 sepulcra

235 2467 482 2520 Mentior
519 2472 579 2520 at
616 2466 663 2519 si
705 2467 840 2535 quid
877 2467 1082 2520 merdis
1120 2472 1284 2534 caput
1320 2466 1572 2534 inquiner
1607 2467 1745 2519 albis

233 2543 556 2608 corvorum,
591 2546 757 2610 atque
795 2542 852 2594 in
890 2559 978 2595 me
1017 2539 1198 2595 veniat
1236 2543 1459 2595 mictum
1496 2546 1663 2610 atquo
1698 2545 1942 2595 cacatum

233 2618 274 2670 J
279 2618 425 2670 nlius
464 2621 523 2671 et
564 2617 773 2684 fragilis
815 2617 1064 2671 Pediatia
1100 2619 1297 2686 furque
1335 2617 1601 2670 Voranus.

233 2693 466 2760 Singula
490 2692 624 2761 quid
650 2695 980 2747 memorem?
1023 2710 1131 2761 quo
1155 2697 1316 2761 pacto
1340 2693 1550 2746 alterna
1566 2692 1854 2761 loquentes
1900 2710 1945 2746 ιο

235 2768 487 2822 Umbrae
527 2785 650 2821 cum
692 2770 906 2836 Sagana
943 2772 1261 2823 resonarent
1298 2769 1459 2821 triste
1484 2772 1542 2821 et
1572 2773 1806 2839 acutum,

236 2844 430 2912 thue
466 2844 579 2913 lupi
622 2844 848 2897 barbam
887 2845 1068 2897 variae
1103 2861 1228 2897 cum
1266 2845 1434 2897 dente
1470 2843 1726 2897 colubrae

235 2920 582 2974 Abdiderint
617 2921 808 2973 furtim
846 2921 1023 2985 terris,
1061 2924 1121 2973 et
1158 2921 1392 2988 imagine
1430 2937 1589 2973 cerea

234 2995 469 3063 Largior
507 2996 708 3048 arserit
745 2996 899 3063 igniS,
941 3001 1000 3050 ct
1039 3000 1105 3050 ut
1140 3012 1250 3049 non
1288 2997 1447 3051 testis
1487 2998 1693 3052 inultus

237 3070 571 3124 Horruerim
611 3087 770 3124 voces
810 3070 1100 3123 Furiarum
1140 3074 1198 3124 et
1234 3070 1380 3123 facta
1417 3070 1676 3124 duarum:
1899 3087 1948 3126 45

233 3145 382 3199 Nam
419 3146 661 3214 displosa
697 3150 853 3199 sonat
883 3152 1154 3214 quantum
1189 3146 1366 3200 vesica
1401 3145 1601 3215 pepedi
