2217 3559
798 117 1090 165 EPODON
1125 118 1360 178 LIBER,
1405 118 1478 168 17.
1906 120 1990 169 101

422 197 636 252 Reddit
669 196 766 250 ubi
804 197 1062 251 Cererem
1097 198 1263 252 tellus
1298 199 1512 253 inarata
1549 199 1841 269 quotannis

496 274 571 326 Et
605 272 878 340 imputata
915 273 1076 326 floret
1113 290 1289 342 usque
1325 274 1500 341 vinea,

419 348 712 403 Germinat
748 353 808 401 et
841 365 1119 417 nunquam
1154 349 1391 402 fallentis
1426 353 1630 403 termes
1666 350 1852 417 olivae,
1951 368 1969 402 4

493 423 771 493 Suamque
806 425 957 491 pulla
991 424 1127 477 ficus
1164 429 1324 477 ornat
1351 425 1616 491 arborem,

420 499 594 554 Mella
630 517 762 553 cava
798 504 1022 553 manant>
1058 517 1127 554 ex
1163 500 1301 567 ilice,
1339 501 1616 554 montibus
1652 501 1777 555 altis

493 575 656 629 Levis
691 580 950 644 crepante
986 576 1207 644 lympha
1244 575 1432 630 desilit
1465 576 1624 644 pede.

423 649 548 704 Illic
582 651 823 718 injussae
859 652 1086 705 veniunt,
1124 652 1198 704 ad
1233 652 1465 705 mulctra
1500 651 1749 720 capellae,

494 726 800 795 Refertque
836 726 993 782 tenta
1027 744 1164 795 grex
1200 728 1405 780 amicus
1440 727 1645 791 ubera;
1956 742 1975 779 c

424 802 475 855 N
482 819 546 856 ee
583 804 931 870 vespertinus
967 803 1344 870 circumgemit
1377 819 1537 856 ursus
1572 804 1729 870 ovile,

495 879 692 947 Neque
727 879 1044 932 intumeseib
1079 880 1193 931 alta
1226 879 1427 946 viperis
1461 880 1671 932 humus,

424 954 702 1022 Pluraque
736 954 922 1007 felices
957 954 1309 1008 mirabimur:
1357 958 1422 1007 ut
1457 971 1636 1023 neque
1670 953 1835 1022 largis

495 1031 755 1098 Aquosus
791 1030 972 1082 Eurus
1009 1046 1140 1082 arva
1174 1029 1338 1083 radat
1372 1029 1653 1096 imbribuS,

425 1104 659 1171 Pinguia
691 1122 793 1159 nec
829 1105 983 1158 siccis
1019 1112 1249 1158 urantur
1285 1105 1490 1158 semina
1526 1106 1716 1173 glebis,
1953 1119 1998 1159 c5

494 1181 809 1249 Utrumque
844 1197 977 1248 rege
1013 1185 1360 1250 temperante
1394 1182 1664 1235 caelitum.

422 1255 476 1308 N
478 1273 548 1308 on
585 1256 691 1309 hue
728 1257 915 1323 Argoo
951 1256 1234 1309 contendit
1269 1258 1478 1324 remige
1512 1257 1685 1325 pinus,

494 1332 692 1401 Neque
727 1332 1004 1399 impudica
1041 1332 1256 1386 Colchis
1291 1332 1477 1386 intulit
1511 1333 1741 1401 pedem3

424 1407 552 1461 Non
587 1407 694 1461 huc
732 1407 942 1461 Sidonii
977 1411 1258 1461 torserunt
1294 1424 1495 1461 cornua
1526 1411 1726 1461 nautae

497 1483 793 1538 Laboriosa
826 1500 928 1537 nee
962 1484 1154 1536 cohors
1190 1483 1389 1537 Ulixei.
1950 1500 1997 1537 co

422 1559 592 1613 Nulla
626 1564 825 1613 nocent
859 1561 1046 1628 pecori
1082 1561 1346 1627 contagia,
1381 1559 1581 1613 nullius
1616 1559 1750 1613 astri

495 1637 731 1703 Gregem
766 1641 1019 1689 aestuosa
1054 1639 1230 1689 torret
1265 1636 1600 1703 impotentia„

425 1709 463 1763 J
467 1712 688 1778 uppiter
724 1711 817 1764 illa
850 1712 974 1779 piae
1011 1712 1245 1765 secrevit
1280 1712 1467 1764 littora
1500 1711 1669 1779 genti,

495 1787 577 1839 Ut
609 1787 915 1855 inquinavit
948 1804 1076 1841 aere
1113 1792 1331 1856 tempus
1366 1804 1590 1841 aureum
1613 1809 1626 1853 ;

425 1861 594 1929 Aere,
631 1862 827 1916 dehinc
860 1863 1009 1916 ferro
1045 1863 1266 1916 duravit
1302 1864 1504 1929 secula3
1540 1878 1770 1932 quorum
1951 1876 1998 1916 65

499 1937 612 1990 Piis
648 1939 888 1991 secunda
923 1943 1048 1993 vate
1085 1955 1176 1993 me
1212 1939 1377 1993 datur
1411 1941 1553 2008 fuga.

1045 2084 1241 2139 XVII.

423 2165 465 2220 J
468 2181 553 2219 AM
580 2164 699 2232 jam
735 2165 939 2220 efficaci
974 2166 1047 2221 do
1082 2184 1273 2220 manus
1309 2167 1582 2234 scient-iae,

426 2242 671 2310 Supplex
709 2246 768 2295 et
803 2258 899 2295 oro
935 2260 1105 2311 regna
1140 2259 1241 2310 per
1279 2242 1650 2312 Proserpinae,

429 2318 538 2371 Per
575 2331 633 2371 et
670 2318 877 2371 Dianae
912 2335 1020 2371 non
1055 2318 1324 2371 movenda
1357 2319 1594 2385 numina,

430 2394 540 2447 Per
574 2398 741 2463 atque
776 2394 947 2447 libros
982 2396 1283 2448 carminum
1317 2394 1614 2448 valentium

428 2470 628 2524 Refixa
661 2470 810 2523 fflelo
848 2470 1113 2523 devocare
1149 2469 1345 2538 sidera,
1980 2486 2003 2524 z

429 2546 672 2610 Canidia,
707 2563 870 2614 parce
904 2546 1126 2599 vocibus
1160 2545 1384 2599 tandem
1421 2545 1587 2598 sacris

429 2620 726 2689 Citumque
762 2624 912 2673 retro
948 2621 1111 2686 solve,
1149 2619 1297 2673 solve
1333 2621 1623 2674 turbinem.

429 2696 610 2749 Movit
644 2701 903 2763 nepotem
941 2694 1214 2767 Telephus
1252 2697 1303 2749 N
1308 2702 1537 2763 cresum,

432 2771 501 2825 In
538 2788 703 2840 quem
740 2771 1006 2840 superbus
1042 2771 1324 2825 ordinarat
1358 2773 1575 2839 agmina

430 2847 712 2916 Mysorum
749 2852 807 2901 et
840 2847 898 2899 in
935 2864 1099 2916 quem
1136 2848 1250 2900 tela
1285 2854 1444 2900 acuta
1478 2849 1728 2901 torserat.
1958 2861 2001 2900 ις)

431 2921 659 2975 Unxere
693 2927 899 2976 matres
937 2922 1076 2975 Iliae
1114 2922 1396 2976 addietum
1434 2923 1563 2975 feris

433 2998 679 3052 Alit-,ibus
714 3002 882 3067 atque
918 2998 1143 3051 canibus
1180 2997 1501 3051 homicidam
1545 2998 1861 3058 Hectorem.

435 3074 736 3143 Postquam
773 3075 978 3127 relictis
1015 3073 1299 3127 moenibus
1334 3089 1432 3126 rex
1467 3074 1704 3140 procidit

436 3150 567 3204 Heu
600 3149 897 3218 pervicacis
932 3148 1005 3201 ad
1039 3148 1211 3215 pedes
1250 3148 1501 3202 Achillei.
