2217 3559
306 99 370 145 56

816 103 1125 153 HORATII
1160 104 1420 154 FLACCI

542 185 717 240 Unico
750 185 995 254 gaudens
1028 186 1226 238 mulier
1260 185 1458 238 marito

544 260 782 314 Prodeat
807 261 975 328 justis
1010 266 1234 328 operata
1269 260 1448 323 sacris„

546 336 620 389 Et
656 353 807 388 soror
841 335 972 388 clari
1009 335 1163 388 ducis
1201 338 1259 388 et
1294 335 1525 387 decorae

615 411 866 480 Supplice
901 411 1042 464 vitta

547 485 836 554 Virginum
871 489 1074 539 matres
1101 484 1476 552 juvenumque
1511 500 1691 551 nuper

547 561 837 629 Sospitum.
909 561 1037 627 Vos,
1075 577 1107 613 o
1144 561 1301 629 pueri
1338 564 1396 613 et
1429 559 1643 627 puellae
1926 572 1976 613 ιο

545 636 586 689 J
587 652 675 689 am
709 637 885 689 virum
922 641 1194 704 expertae,
1229 635 1371 688 male
1404 634 1656 688 ominatis

618 712 833 765 Parcite
867 711 1063 765 verbis,

549 787 659 840 Hic
694 788 811 840 dies
845 804 972 840 vere
1007 786 1139 839 mihi
1174 787 1348 839 festus
1384 789 1532 840 atras

550 863 768 916 Eximet
802 880 984 928 curas;
1020 879 1122 929 ego
1156 878 1257 914 nec
1292 862 1586 914 tumultum

547 937 668 992 Nec
703 938 839 990 mori
873 953 973 1005 per
1006 937 1117 989 vim
1151 940 1392 990 metuam
1427 939 1653 989 tenente
1925 949 1976 989 ιε

618 1014 849 1067 Caesare
884 1018 1071 1066 terraS.

550 1089 580 1141 Ι
616 1092 743 1156 pete
778 1095 1129 1155 unguentum,
1166 1103 1317 1154 puer,
1354 1090 1413 1140 et
1448 1102 1670 1139 coronas

549 1164 622 1217 Et
657 1164 851 1216 cadum
889 1163 1059 1215 Marsi
1094 1179 1391 1216 memorem
1429 1161 1610 1228 duelli,

548 1238 865 1306 Spartacum
902 1240 947 1291 si
983 1255 1090 1306 qua
1123 1237 1305 1306 potuit
1338 1241 1627 1305 vagantem

620 1313 832 1367 Fallere
866 1317 1025 1368 testa.
1923 1325 1977 1365 ao

549 1386 654 1441 Dic
688 1392 745 1442 et
780 1392 1007 1456 argutae
1041 1392 1300 1457 properet
1336 1388 1583 1442 Neaerae

548 1464 871 1516 Murrheum
906 1464 1048 1516 nodo
1085 1464 1341 1517 cohibere
1377 1464 1610 1530 crinem3

550 1538 608 1591 Si
642 1555 742 1606 per
775 1539 1008 1591 invisum
1043 1555 1195 1592 mora
1222 1539 1519 1606 janitorem

619 1613 760 1680 Fiet,
796 1613 960 1668 abito.

549 1688 712 1742 Lenit
745 1689 1022 1743 albescens
1057 1690 1265 1743 animos
1300 1689 1524 1758 capillus
1932 1702 1982 1743 25

551 1762 755 1816 Litium
791 1768 848 1816 et
882 1766 1034 1818 rixae
1070 1766 1295 1834 cupidos
1329 1769 1648 1831 protervae;

550 1838 675 1891 Non
712 1854 811 1905 ego
847 1839 948 1891 hoc
983 1840 1182 1894 ferrem
1219 1839 1428 1893 calidus
1455 1838 1687 1907 juventa

622 1913 854 1966 Consule
893 1915 1104 1970 Plan00.

2145 1708 2183 1767 21

565 2139 727 2193 Uxon
751 2138 1004 2206 pauperis
1043 2138 1207 2206 Ibyci,

621 2213 861 2267 Tandem
897 2214 1175 2281 nequitiae
1211 2214 1319 2281 fige
1353 2214 1576 2268 modum
1609 2218 1742 2270 tuae

553 2287 906 2356 Famosisque
941 2288 1240 2341 laboribus:

622 2363 841 2416 Maturo
876 2365 1097 2430 propior
1133 2364 1321 2416 desine
1356 2364 1535 2416 funeri

554 2436 711 2491 Inter
744 2438 935 2491 ludere
970 2439 1207 2506 virgines
1958 2454 1985 2496 8

625 2515 696 2565 Et
733 2513 904 2565 stellis
939 2514 1192 2566 nebulam
1229 2532 1486 2583 spargere
1521 2513 1782 2568 candidis.

554 2587 608 2641 N
612 2604 680 2639 on
716 2588 761 2639 si
797 2587 929 2656 quid
969 2588 1208 2642 Pholoen
1246 2591 1377 2643 satis

624 2662 697 2714 Et
731 2668 803 2729 te,
843 2663 1040 2729 Chlori,
1077 2664 1263 2718 decet:
1300 2662 1412 2717 filia
1447 2665 1649 2718 rectius

555 2735 845 2804 Expugnat
873 2736 1137 2803 juvenum
1174 2739 1375 2805 domos,

625 2811 788 2864 Pulso
825 2813 1019 2879 Thyias
1054 2814 1137 2866 uti
1175 2815 1383 2867 concita
1418 2817 1686 2883 tympano.
1944 2829 1987 2869 ιο

555 2886 715 2941 Illam
750 2889 895 2954 cogit
931 2904 1083 2940 amor
1120 2888 1291 2941 Nothi

624 2963 878 3015 Lascivae
915 2964 1146 3016 similem
1182 2965 1374 3017 ludere
1410 2981 1665 3032 capreae:

553 3035 631 3092 Te
665 3037 820 3089 lanae
854 3054 1021 3104 prope
1056 3038 1292 3090 nobilem

624 3109 830 3165 Tonsae
867 3107 1168 3179 Luceriam,
1205 3128 1312 3165 non
1346 3112 1587 3166 citharae
1623 3114 1843 3182 decent,

2155 3380 2168 3388 '¹
2157 3322 2182 3369 ‘m
2158 3254 2183 3313 *ῆι
