2217 3559
28 1643 41 1716 ¹⁶¹—-

853 155 990 201 Ans
1024 152 1344 199 POETIOA.
1857 148 1948 195 209

220 228 524 285 Caedibus
560 236 620 286 et
653 231 802 284 victu
836 231 996 284 foedo
1032 228 1307 283 deterruit
1342 228 1607 296 Orpheus,

221 303 442 359 Dictus
479 307 549 359 ob
586 306 688 359 hoc
724 306 895 359 lenire
930 308 1102 373 tigres
1140 305 1469 373 rabidosque
1506 303 1692 356 leones
1706 322 1720 366 ;

221 376 445 434 Dictus
482 385 539 435 et
577 382 867 449 Amphion,
906 381 1196 434 Thebanae
1230 378 1480 433 conditor
1520 377 1672 442 areis,

222 455 390 509 Saxa
427 473 646 510 movere
682 474 812 510 sono
847 457 1144 511 testudinis
1181 460 1240 509 et
1272 471 1435 523 prece
1472 453 1675 507 blanda
1881 466 1947 504 395

224 529 465 585 Ducere
501 548 609 600 quo
642 532 822 585 vellet.
894 533 1023 586 Fuit
1057 533 1192 585 haee
1228 531 1496 596 sapientia
1529 527 1821 597 quondam,
1903 549 1910 560 ·

225 605 475 661 Publica
508 607 735 675 privatis
773 623 1072 675 secernere,
1112 623 1264 660 sacra
1299 605 1553 674 profanis,

225 681 554 735 Concubitu
589 682 876 751 prohibere
913 700 1062 749 vagO,
1101 682 1233 735 dare
1258 681 1390 748 jura
1422 679 1644 747 maritis,

226 756 468 827 Oppida
500 758 693 826 moliri,
727 758 876 825 leges
911 759 1151 811 incidere
1185 758 1363 824 lign03

225 832 331 886 Sic
367 834 540 887 honor
575 837 633 887 et
667 850 863 887 nomen
899 834 1098 887 divinis
1132 834 1348 886 vatibus
1384 835 1551 900 atquo
1874 838 1941 875 40⁰

228 908 591 962 Carminibus
625 910 789 963 venit.
860 909 996 962 Post
1030 909 1130 961 hos
1164 908 1389 974 insignis
1426 908 1701 959 Homerus

228 982 618 1052 Tyrtaeusque
654 1001 833 1037 mares
868 985 1076 1037 animos
1109 984 1169 1036 in
1204 983 1406 1036 Martia
1439 982 1586 1035 bella

230 1058 511 1112 Versibus
546 1061 792 1124 exacuit3
827 1061 1009 1114 dictae
1044 1076 1146 1127 per
1180 1059 1417 1112 carmina
1451 1061 1654 1122 sortcs3

232 1135 315 1188 Et
351 1136 497 1188 vitae
532 1140 833 1189 monstrata
867 1136 954 1188 via
987 1140 1103 1199 est;
1138 1138 1199 1188 et
1229 1134 1407 1202 gratia
1440 1149 1631 1200 regum

236 1210 441 1264 Pieriis
474 1215 692 1265 tentata
724 1212 932 1276 modis3
966 1212 1239 1279 ludusque
1275 1214 1527 1277 repertus
1872 1223 1941 1260 435

234 1286 317 1340 Et
352 1287 635 1354 longorum
671 1304 897 1356 operum
932 1288 1082 1341 finis:
1116 1304 1187 1339 ne
1222 1286 1365 1339 forte
1399 1285 1593 1354 pudori

235 1361 328 1415 Sit
361 1362 464 1415 tibi
501 1363 659 1415 Musa
691 1363 839 1430 lyrae
874 1363 1065 1416 sollers
1101 1366 1160 1416 et
1194 1367 1381 1414 cantor
1419 1362 1630 1429 Apollo,

236 1437 459 1490 Natura
492 1438 654 1492 fieret
687 1438 960 1492 laudabile
995 1455 1214 1491 carmen
1251 1454 1319 1490 an
1354 1441 1474 1490 arte

239 1512 562 1575 Quaesitum
600 1518 711 1567 est:
750 1531 851 1581 ego
886 1531 985 1567 nec
1021 1514 1263 1567 studium
1300 1515 1413 1565 sine
1449 1513 1621 1565 divite
1654 1528 1792 1564 vena

241 1588 293 1640 N
297 1604 361 1642 ec
395 1589 535 1641 rude
569 1590 702 1656 quid
737 1590 909 1658 possit
943 1589 1103 1642 video
1138 1590 1448 1655 ingenium3
1483 1587 1707 1640 alterius
1743 1601 1822 1638 sic
1869 1600 1941 1638 410

241 1665 439 1717 Altera
472 1665 646 1733 poscit
681 1682 838 1733 opem
877 1682 966 1718 res
1002 1670 1060 1718 et
1095 1665 1346 1732 conjurat
1380 1664 1564 1717 amice.
1611 1687 1614 1692 ·

242 1740 348 1801 Qui
387 1739 576 1794 studet
611 1745 854 1808 optatam
890 1757 1052 1793 cursu
1076 1740 1404 1806 ,contingere
1439 1743 1639 1791 metam

240 1815 423 1868 Multa
461 1817 590 1870 tulit
626 1817 867 1884 fecitque
904 1833 1055 1885 puer,
1094 1815 1312 1868 sudavit
1348 1819 1407 1868 et
1441 1815 1578 1879 alsit,

243 1890 531 1945 Abstinuit
565 1909 763 1945 venere
799 1896 858 1945 et
893 1891 1052 1954 vino;
1090 1892 1184 1959 qui
1212 1890 1408 1957 Pythia
1432 1893 1617 1942 cantat

239 1966 464 2020 Tibicen
502 1967 696 2020 didicit
730 1969 880 2034 prius
917 1967 1278 2033 extimuitque
1313 1967 1645 2032 magistrum.
1874 1976 1942 2017 415

241 2043 362 2095 Nec
398 2043 529 2096 satis
566 2049 654 2096 est
688 2043 918 2096 dixisse:
956 2044 1118 2109 “Ego
1155 2043 1292 2094 mira
1327 2046 1580 2110 poemata
1612 2056 1824 2109 pango:

240 2117 487 2186 Occupet
524 2124 830 2172 extremum
867 2118 1101 2181 scabies;
1136 2118 1267 2169 mihi
1303 2123 1464 2184 turpe
1501 2117 1733 2182 relinqui
1769 2117 1856 2168 cst

242 2193 317 2247 Et
352 2193 500 2260 quod
535 2210 642 2246 non
678 2194 844 2247 didici
881 2211 1011 2246 sane
1046 2193 1255 2245 nescire
1289 2192 1491 2244 fateri?

243 2269 325 2322 Ut
359 2286 570 2337 praece,
608 2270 681 2322 ad
715 2286 924 2322 merces
959 2268 1176 2321 turbam
1216 2268 1311 2336 qui
1346 2268 1493 2334 cogit
1527 2264 1802 2325 emendas.

250 2347 633 2398 Assentatores
660 2345 825 2412 jubet
860 2346 932 2397 ad
969 2346 1177 2397 lucrum
1213 2344 1295 2396 ire
1329 2349 1492 2411 poeta
1875 2360 1945 2399 (τω

246 2420 413 2473 Dives
447 2421 606 2488 agria
644 2421 796 2473 dives
830 2421 1022 2490 positis
1058 2421 1114 2472 in
1148 2420 1334 2473 fenore
1370 2420 1615 2472 nummis.

245 2496 302 2547 ei
337 2511 466 2548 vero
502 2501 587 2549 est
623 2500 847 2548 unctum
884 2497 977 2562 qui
1013 2500 1163 2549 recte
1200 2511 1402 2561 ponere
1438 2496 1609 2561 possit

247 2572 318 2624 Et
355 2572 623 2639 spondere
658 2572 764 2625 levi
795 2589 898 2639 pro
932 2587 1173 2640 paupere
1210 2575 1268 2623 et
1304 2571 1517 2637 eripere
1551 2572 1687 2622 atris

246 2646 463 2699 Litibus
496 2647 834 2716 implicitum,
870 2646 1111 2699 mirabor
1145 2646 1190 2697 si
1226 2646 1360 2697 sciet
1395 2645 1562 2698 inter-

245 2722 297 2775 N
300 2738 486 2775 escere
522 2723 837 2776 mendacem
876 2737 1172 2787 verumque
1210 2720 1403 2773 beatus
1439 2720 1689 2774 amicum.
1876 2733 1944 2773 425

246 2798 328 2850 'su
363 2814 456 2850 scu
496 2797 715 2850 donaris
754 2814 850 2851 seu
886 2795 1019 2863 quid
1054 2796 1260 2848 donare
1297 2796 1442 2849 voles
1478 2797 1580 2857 cui,

246 2872 433 2926 Nolito
467 2873 539 2925 ad
577 2890 763 2926 versus
799 2871 901 2924 tibi
935 2871 1106 2924 factos
1146 2870 1345 2924 ducere
1379 2871 1597 2939 plenum

249 2948 545 3015 Laetitiac;
581 2948 836 3002 clamabit
868 2949 1014 3004 enim
1053 2946 1312 3002 Pulchre!
1353 2946 1522 3000 bene!
1561 2948 1737 3000 recte!

249 3024 517 3078 l'allescct
553 3042 716 3093 super
750 3026 850 3091 his,
885 3027 1052 3079 etiam
1089 3023 1323 3076 stillabit
1358 3022 1542 3075 amicis

249 3101 332 3153 Ex
368 3101 534 3153 oculis
570 3119 765 3168 rorem,
802 3103 974 3166 saliet,
1011 3100 1214 3154 tundet
1250 3098 1391 3167 pede
1426 3101 1646 3154 terram.
1878 3111 1945 3150 tao

251 3174 329 3229 Ut
363 3176 458 3244 qui
492 3177 748 3230 conducti
782 3176 999 3244 plorant
1030 3177 1089 3228 in
1123 3176 1311 3228 funere
1349 3172 1539 3227 dicunt
