2217 3559
224 120 314 168 154
784 117 1093 168 HORATII
1129 117 1390 167 FLAcc1

220 199 342 250 Aut
376 199 505 267 quia
538 216 646 253 non
686 200 858 252 sentis
892 197 1042 267 quod
1076 198 1281 252 clamas
1315 198 1524 252 rectius
1558 213 1689 264 esse,
1899 189 1961 253 π’

221 275 341 326 Aut
374 276 505 342 quia
539 292 646 327 non
684 275 873 328 firmus
906 279 1121 328 rectum
1156 273 1424 338 defendis,
1461 277 1522 327 et
1556 274 1750 327 haeres

220 347 600 419 Nequicquam
636 366 804 404 coeno
839 350 1066 418 cupiens
1101 349 1340 403 evellere
1374 349 1636 416 plantam.

222 423 430 479 Romae
465 443 560 479 rus
595 431 768 495 optas,
804 425 1087 479 absentem
1123 425 1361 477 rusticus
1394 423 1594 477 urbem

222 499 387 552 'Pollis
422 502 494 555 ad
531 509 683 554 astra
717 500 865 554 levis.
936 500 996 554 Si
1032 515 1301 567 nusquam
1335 515 1397 553 es
1432 499 1578 552 forte
1611 503 1835 552 vocatus

225 576 320 627 Ad
354 592 577 629 coenam
614 576 806 630 laudas
831 592 1082 629 securum
1119 576 1240 628 olus
1274 591 1352 642 ac,
1390 575 1544 628 velut
1580 589 1811 641 usquam
1890 585 1943 627 so

222 648 457 703 Vinctus
493 669 599 719 eas,
635 652 715 705 ita
748 655 809 705 te
843 652 1059 705 felicem
1094 651 1235 704 dicis
1268 666 1530 718 amasque

223 724 384 788 Quod
418 744 687 795 nusquam
723 726 829 780 tibi
866 726 940 780 sit
974 726 1293 796 potandum.
1362 725 1402 778 J
1404 725 1609 779 usserit
1642 724 1716 779 ad
1750 741 1812 777 sc

223 800 515 855 Maecenas
552 819 735 856 serum
771 801 875 855 sub
908 803 1117 855 lumina
1149 802 1328 870 prima
1359 801 1548 855 venire

221 877 547 932 Convivam:
586 881 599 905 ‘
614 879 661 931 N
669 895 826 932 emon
862 878 1041 931 oleum
1075 878 1206 931 fert·
1221 877 1406 931 ocius?
1445 877 1650 946 Ecquis

226 952 405 1005 Audit
422 953 456 1006 Υ
495 970 617 1006 cum
656 971 854 1022 magno
887 952 1130 1007 blateras
1164 953 1400 1006 clamore
1434 952 1701 1022 fugisque.
1884 965 1942 1006 ³⁵

225 1027 465 1082 Mulvius
499 1033 559 1084 et
593 1046 813 1083 scurrae
848 1029 953 1083 tibi
989 1046 1096 1082 non
1132 1028 1423 1083 referenda
1455 1028 1664 1098 premti

226 1103 546 1158 Discedunt.
620 1105 838 1158 Etenim
873 1106 1051 1158 fateor
1085 1121 1192 1171 me,
1226 1104 1436 1158 dixerit
1475 1104 1583 1171 ille,

227 1179 368 1233 Duci
403 1185 594 1234 ventre
631 1180 824 1246 levem,
861 1198 1055 1234 nasmn
1089 1181 1282 1233 nidore
1316 1181 1555 1248 supinor,

229 1255 557 1321 Imbecillus,
591 1257 754 1318 iners,
791 1257 836 1308 si
873 1256 1008 1323 quid
1042 1257 1127 1309 vis
1161 1256 1307 1310 adde
1340 1256 1559 1324 popin0.

227 1329 325 1396 Tu,
360 1346 483 1383 cum
521 1331 595 1382 sis
630 1331 779 1398 quod
814 1348 917 1398 ego
951 1335 1010 1384 et
1044 1331 1293 1384 fortassis
1326 1332 1573 1398 nequior,
1609 1329 1758 1384 ultro
1883 1345 1939 1384 ιο

230 1405 512 1459 Insectere
548 1407 700 1459 velut
735 1407 929 1459 melior
964 1406 1256 1475 verbisque
1291 1406 1506 1459 decoris

229 1480 502 1534 Obvolvas
537 1482 765 1535 vitium?
838 1481 1002 1548 Quid,
1039 1483 1085 1534 si
1121 1498 1212 1534 me
1247 1481 1468 1535 stultior
1502 1483 1623 1551 ipso

231 1556 556 1623 Quingentis
592 1562 777 1625 empto
813 1556 1089 1612 drachmis
1126 1557 1516 1625 deprenderis2'
1591 1555 1768 1610 Aufer

231 1632 325 1685 Me
361 1632 516 1685 vultu
552 1637 794 1698 terrere;
831 1650 1050 1686 manum
1087 1632 1537 1700 stomachumque
1572 1635 1778 1698 tenet0,

232 1707 378 1761 Dum
416 1724 558 1777 quae
597 1709 835 1777 Crispini
872 1710 1059 1762 docuit
1094 1725 1184 1761 me
1210 1708 1422 1775 janitor
1457 1708 1577 1762 edo.
1887 1720 1929 1760 ⁴³

232 1783 310 1836 Te
345 1784 542 1852 conjux
581 1785 758 1838 aliena
793 1785 955 1852 capit,
992 1784 1343 1836 meretricula
1380 1783 1621 1836 Davum:

235 1859 434 1913 Peccat
471 1865 599 1913 uter
635 1865 883 1913 nostrum
922 1876 1082 1912 cruce
1122 1859 1375 1925 dignius?
1449 1858 1613 1911 Acris
1645 1855 1739 1909 ubi
1776 1872 1864 1909 mo

235 1935 451 1989 Natura
487 1936 742 1999 intendit,
782 1935 885 1988 sub
922 1936 1071 1988 clara
1106 1935 1258 1987 nuda
1291 1934 1512 1987 lucerna

237 2011 602 2079 Quaecunque
640 2011 857 2078 excepit
892 2010 1170 2077 turgentis
1207 2008 1442 2062 verbera
1475 2008 1695 2075 caudae,

237 2085 499 2139 Clunibus
537 2091 634 2140 aut
676 2086 906 2154 agitavit
949 2100 1150 2153 equum
1189 2084 1389 2137 lasciva
1424 2085 1694 2152 supinum,
1887 2097 1934 2136 eo

238 2161 486 2215 Dimittit
522 2179 700 2229 neque
738 2163 1002 2214 famosum
1040 2175 1222 2227 neque
1264 2158 1555 2212 sollicitum
1591 2173 1662 2210 ne

239 2236 422 2289 Ditior
461 2241 557 2290 aut
593 2237 801 2291 formae
836 2237 1078 2289 melioris
1116 2234 1285 2288 meiat
1323 2235 1534 2289 eodem.

239 2313 322 2365 Tu
356 2329 481 2365 cum
520 2313 781 2380 projectis
818 2312 1136 2381 insignibus,
1176 2310 1375 2363 annulo
1414 2308 1659 2377 equestri

241 2389 594 2456 Romanoque
631 2388 837 2453 habitu,
874 2387 1064 2457 prodis
1103 2403 1175 2439 ex
1204 2386 1396 2454 judice
1433 2385 1609 2437 Dama

241 2465 450 2533 Turpis,
489 2465 777 2517 odoratum
817 2467 981 2531 caput
1019 2462 1347 2515 obscurante
1385 2459 1616 2526 lacerna,

241 2541 292 2593 N
298 2557 366 2593 on
405 2556 465 2593 es
508 2540 657 2608 quod
695 2540 951 2593 simulas?
1023 2539 1282 2591 Metuens
1316 2536 1593 2589 induceris
1633 2538 1801 2604 atque

245 2615 560 2668 Altercante
600 2613 916 2666 libidinibus
952 2614 1143 2666 tremis
1180 2628 1304 2664 ossa
1339 2627 1552 2680 pavore.

244 2690 390 2754 Quid
427 2690 597 2742 refert
633 2689 734 2755 uri,
774 2690 941 2756 virgis
981 2688 1237 2757 ferroque
1272 2687 1455 2740 necari

245 2769 579 2819 Auctoratus
617 2781 726 2829 eas,
766 2781 835 2817 an
877 2765 1026 2832 turpi
1065 2764 1278 2817 clausus
1316 2763 1373 2814 in
1412 2778 1552 2828 arca,

244 2840 364 2904 Quo
401 2844 460 2891 te
498 2838 722 2892 demisit
757 2839 967 2906 peccati
1008 2839 1221 2890 conseia
1257 2838 1460 2903 herilis,
1887 2857 1928 2896 ot)

245 2917 601 2970 contractum
637 2915 867 2981 genibus
905 2920 1098 2979 tangas
1135 2915 1332 2980 caput?
1374 2913 1546 2964 Estne
1583 2911 1779 2966 marito

246 2991 531 3042 Matronae
570 2989 845 3054 peccantis
881 2990 936 3039 in
974 2988 1134 3039 ambo
1158 2987 1313 3054 justa
1346 2990 1628 3055 potestase

247 3064 316 3115 In
352 3073 722 3128 corruptorem
757 3063 844 3112 vel
872 3063 1089 3125 justior.
1164 3062 1267 3113 llla
1299 3071 1481 3115 tamen
1519 3079 1580 3115 se

247 3137 296 3188 N
303 3153 373 3188 on
408 3134 600 3187 habitu
633 3139 877 3186 mutatve
912 3136 1041 3202 loeo,
1077 3145 1333 3201 peccatve
1370 3153 1621 3201 superne.

2149 0 2197 1728 1

2149 3249 2192 3296 ¹&
