<?xml version="1.0" encoding="UTF-8"?>
<!DOCTYPE html PUBLIC "-//W3C//DTD XHTML 1.0 Transitional//EN"
    "http://www.w3.org/TR/xhtml1/DTD/xhtml1-transitional.dtd">
<html xmlns="http://www.w3.org/1999/xhtml" xml:lang="en" lang="en">
 <head>
  <title>
</title>
<meta http-equiv="Content-Type" content="text/html;charset=utf-8" />
  <meta name='ocr-system' content='tesseract 3.04.00' />
  <meta name='ocr-capabilities' content='ocr_page ocr_carea ocr_par ocr_line ocrx_word'/>
</head>
<body>
  <div class='ocr_page' id='page_1' title='image "./quintihoratiifl02longgoog_0057.png"; bbox 0 0 2217 3559; ppageno 0'>
   <div class='ocr_carea' id='block_1_1' title="bbox 746 144 1381 195">
    <p class='ocr_par' dir='ltr' id='par_1_1' title="bbox 746 144 1381 195">
     <span class='ocr_line' id='line_1_1' title="bbox 746 144 1381 195; baseline 0 -2"><span class='ocrx_word' id='word_1_1' title='bbox 746 144 1034 193; x_wconf 80' lang='lat' dir='ltr'>CARMIN</span> <span class='ocrx_word' id='word_1_2' title='bbox 1046 144 1157 193; x_wconf 89' lang='lat' dir='ltr'><strong>UM</strong></span> <span class='ocrx_word' id='word_1_3' title='bbox 1193 145 1268 195; x_wconf 89' lang='grc' dir='ltr'><strong>ΙΙ.</strong></span> <span class='ocrx_word' id='word_1_4' title='bbox 1310 147 1381 194; x_wconf 89' lang='lat'><strong>11.</strong></span> 
     </span>
    </p>
   </div>
   <div class='ocr_carea' id='block_1_2' title="bbox 487 222 1703 820">
    <p class='ocr_par' dir='ltr' id='par_1_2' title="bbox 487 222 1703 820">
     <span class='ocr_line' id='line_1_2' title="bbox 488 222 1605 293; baseline 0.002 -17"><span class='ocrx_word' id='word_1_5' title='bbox 488 222 765 277; x_wconf 90' lang='lat' dir='ltr'><strong>Docidunt</strong></span> <span class='ocrx_word' id='word_1_6' title='bbox 800 228 982 276; x_wconf 89' lang='lat' dir='ltr'><strong>turres</strong></span> <span class='ocrx_word' id='word_1_7' title='bbox 1017 223 1333 293; x_wconf 81' lang='lat' dir='ltr'><strong>feriuntque</strong></span> <span class='ocrx_word' id='word_1_8' title='bbox 1369 240 1605 278; x_wconf 86' lang='lat' dir='ltr'><strong>summos</strong></span> 
     </span>
     <span class='ocr_line' id='line_1_3' title="bbox 557 298 1062 366; baseline 0.006 -16"><span class='ocrx_word' id='word_1_9' title='bbox 557 298 800 366; x_wconf 84' lang='lat' dir='ltr'>Fulgura</span> <span class='ocrx_word' id='word_1_10' title='bbox 834 303 1062 353; x_wconf 66' lang='lat' dir='ltr'><strong>montes</strong></span> 
     </span>
     <span class='ocr_line' id='line_1_4' title="bbox 488 372 1472 443; baseline 0.002 -17"><span class='ocrx_word' id='word_1_11' title='bbox 488 372 688 441; x_wconf 84' lang='lat' dir='ltr'><strong>Sperat</strong></span> <span class='ocrx_word' id='word_1_12' title='bbox 720 374 948 443; x_wconf 87' lang='lat' dir='ltr'><strong>infestis,</strong></span> <span class='ocrx_word' id='word_1_13' title='bbox 983 374 1185 428; x_wconf 90' lang='lat' dir='ltr'><strong>metuit</strong></span> <span class='ocrx_word' id='word_1_14' title='bbox 1221 375 1472 429; x_wconf 81' lang='lat' dir='ltr'><strong>secundis</strong></span> 
     </span>
     <span class='ocr_line' id='line_1_5' title="bbox 488 449 1579 519; baseline 0.005 -19"><span class='ocrx_word' id='word_1_15' title='bbox 488 449 738 502; x_wconf 78' lang='lat' dir='ltr'><strong>Alteram</strong></span> <span class='ocrx_word' id='word_1_16' title='bbox 775 453 979 504; x_wconf 87' lang='lat' dir='ltr'><strong>sortem</strong></span> <span class='ocrx_word' id='word_1_17' title='bbox 1015 450 1157 503; x_wconf 87' lang='lat' dir='ltr'><strong>bene</strong></span> <span class='ocrx_word' id='word_1_18' title='bbox 1192 455 1579 519; x_wconf 84' lang='lat' dir='ltr'><strong>praeparatum</strong></span> 
     </span>
     <span class='ocr_line' id='line_1_6' title="bbox 489 523 1540 580; baseline 0.002 -3"><span class='ocrx_word' id='word_1_19' title='bbox 489 523 701 578; x_wconf 77' lang='lat' dir='ltr'><strong>Pectus.</strong></span> <span class='ocrx_word' id='word_1_20' title='bbox 773 524 1044 578; x_wconf 87' lang='lat' dir='ltr'><strong>Informes</strong></span> <span class='ocrx_word' id='word_1_21' title='bbox 1079 526 1288 578; x_wconf 83' lang='lat' dir='ltr'><strong>hiemes</strong></span> <span class='ocrx_word' id='word_1_22' title='bbox 1324 526 1540 580; x_wconf 84' lang='lat' dir='ltr'><strong>reducit</strong></span> 
     </span>
     <span class='ocr_line' id='line_1_7' title="bbox 554 599 1016 668; baseline 0.002 -16"><span class='ocrx_word' id='word_1_23' title='bbox 554 599 592 652; x_wconf 87' lang='lat' dir='ltr'><strong>J</strong></span> <span class='ocrx_word' id='word_1_24' title='bbox 594 600 829 668; x_wconf 88' lang='lat' dir='ltr'><strong>uppiter,</strong></span> <span class='ocrx_word' id='word_1_25' title='bbox 868 600 1016 653; x_wconf 89' lang='lat' dir='ltr'><strong>idem</strong></span> 
     </span>
     <span class='ocr_line' id='line_1_8' title="bbox 487 676 1703 732; baseline 0.002 -3"><span class='ocrx_word' id='word_1_26' title='bbox 487 676 814 730; x_wconf 85' lang='lat' dir='ltr'><strong>Summovet.</strong></span> <span class='ocrx_word' id='word_1_27' title='bbox 885 676 935 728; x_wconf 95' lang='lat' dir='ltr'>N</span> <span class='ocrx_word' id='word_1_28' title='bbox 939 692 1009 728; x_wconf 89' lang='lat' dir='ltr'><strong>on</strong></span> <span class='ocrx_word' id='word_1_29' title='bbox 1045 676 1090 729; x_wconf 90' lang='lat' dir='ltr'><strong>si</strong></span> <span class='ocrx_word' id='word_1_30' title='bbox 1126 676 1268 729; x_wconf 90' lang='lat' dir='ltr'><strong>male</strong></span> <span class='ocrx_word' id='word_1_31' title='bbox 1303 692 1446 729; x_wconf 86' lang='lat' dir='ltr'><strong>nunc</strong></span> <span class='ocrx_word' id='word_1_32' title='bbox 1482 680 1540 731; x_wconf 89' lang='lat' dir='ltr'><strong>et</strong></span> <span class='ocrx_word' id='word_1_33' title='bbox 1575 677 1703 732; x_wconf 88' lang='lat' dir='ltr'><strong>olim</strong></span> 
     </span>
     <span class='ocr_line' id='line_1_9' title="bbox 487 750 1616 820; baseline 0.001 -16"><span class='ocrx_word' id='word_1_34' title='bbox 487 750 578 804; x_wconf 85' lang='lat' dir='ltr'><strong>Sic</strong></span> <span class='ocrx_word' id='word_1_35' title='bbox 613 751 752 805; x_wconf 86' lang='lat' dir='ltr'><strong>erit:</strong></span> <span class='ocrx_word' id='word_1_36' title='bbox 790 751 1063 820; x_wconf 85' lang='lat' dir='ltr'><strong>quondam</strong></span> <span class='ocrx_word' id='word_1_37' title='bbox 1099 752 1308 806; x_wconf 84' lang='lat' dir='ltr'><strong>cithara</strong></span> <span class='ocrx_word' id='word_1_38' title='bbox 1341 756 1616 806; x_wconf 79' lang='lat' dir='ltr'><strong>tacentem</strong></span> 
     </span>
    </p>
   </div>
   <div class='ocr_carea' id='block_1_3' title="bbox 486 826 1675 896">
    <p class='ocr_par' dir='ltr' id='par_1_3' title="bbox 486 826 1675 896">
     <span class='ocr_line' id='line_1_10' title="bbox 486 826 1675 896; baseline 0.002 -16"><span class='ocrx_word' id='word_1_39' title='bbox 486 826 727 880; x_wconf 79' lang='lat' dir='ltr'><strong>Suscitat</strong></span> <span class='ocrx_word' id='word_1_40' title='bbox 760 843 986 894; x_wconf 88' lang='lat' dir='ltr'><strong>musam,</strong></span> <span class='ocrx_word' id='word_1_41' title='bbox 1022 843 1202 896; x_wconf 89' lang='lat' dir='ltr'><strong>neque</strong></span> <span class='ocrx_word' id='word_1_42' title='bbox 1239 844 1457 895; x_wconf 84' lang='lat' dir='ltr'><strong>semper</strong></span> <span class='ocrx_word' id='word_1_43' title='bbox 1490 844 1675 882; x_wconf 87' lang='lat' dir='ltr'><strong>arcum</strong></span> 
     </span>
    </p>
   </div>
   <div class='ocr_carea' id='block_1_4' title="bbox 486 901 1520 1183">
    <p class='ocr_par' dir='ltr' id='par_1_4' title="bbox 486 901 1520 1183">
     <span class='ocr_line' id='line_1_11' title="bbox 554 901 1008 971; baseline 0 -16"><span class='ocrx_word' id='word_1_44' title='bbox 554 901 757 956; x_wconf 82' lang='lat' dir='ltr'><strong>Tendit</strong></span> <span class='ocrx_word' id='word_1_45' title='bbox 793 903 1008 971; x_wconf 77' lang='lat' dir='ltr'><strong>Apollo,</strong></span> 
     </span>
     <span class='ocr_line' id='line_1_12' title="bbox 486 975 1466 1047; baseline 0.002 -17"><span class='ocrx_word' id='word_1_46' title='bbox 486 975 674 1031; x_wconf 89' lang='lat' dir='ltr'><strong>Rebus</strong></span> <span class='ocrx_word' id='word_1_47' title='bbox 709 978 956 1045; x_wconf 85' lang='lat' dir='ltr'><strong>angustis</strong></span> <span class='ocrx_word' id='word_1_48' title='bbox 991 978 1264 1032; x_wconf 88' lang='lat' dir='ltr'><strong>animosus</strong></span> <span class='ocrx_word' id='word_1_49' title='bbox 1301 982 1466 1047; x_wconf 86' lang='lat' dir='ltr'><strong>atque</strong></span> 
     </span>
     <span class='ocr_line' id='line_1_13' title="bbox 487 1052 1443 1121; baseline 0 -15"><span class='ocrx_word' id='word_1_50' title='bbox 487 1052 671 1107; x_wconf 84' lang='lat' dir='ltr'><strong>Fortis</strong></span> <span class='ocrx_word' id='word_1_51' title='bbox 707 1069 947 1121; x_wconf 85' lang='lat' dir='ltr'><strong>appare3</strong></span> <span class='ocrx_word' id='word_1_52' title='bbox 984 1055 1260 1120; x_wconf 84' lang='lat' dir='ltr'><strong>sapienter</strong></span> <span class='ocrx_word' id='word_1_53' title='bbox 1293 1054 1443 1106; x_wconf 88' lang='lat' dir='ltr'><strong>idem</strong></span> 
     </span>
     <span class='ocr_line' id='line_1_14' title="bbox 487 1128 1520 1183; baseline 0.001 -1"><span class='ocrx_word' id='word_1_54' title='bbox 487 1128 789 1183; x_wconf 77' lang='lat' dir='ltr'><strong>contrahes</strong></span> <span class='ocrx_word' id='word_1_55' title='bbox 823 1132 989 1182; x_wconf 83' lang='lat' dir='ltr'><strong>vento</strong></span> <span class='ocrx_word' id='word_1_56' title='bbox 1023 1129 1250 1182; x_wconf 82' lang='lat' dir='ltr'><strong>nimium</strong></span> <span class='ocrx_word' id='word_1_57' title='bbox 1287 1129 1520 1183; x_wconf 85' lang='lat' dir='ltr'><strong>secundo</strong></span> 
     </span>
    </p>
   </div>
   <div class='ocr_carea' id='block_1_5' title="bbox 553 1204 964 1271">
    <p class='ocr_par' dir='ltr' id='par_1_5' title="bbox 553 1204 964 1271">
     <span class='ocr_line' id='line_1_15' title="bbox 553 1204 964 1271; baseline 0 -14"><span class='ocrx_word' id='word_1_58' title='bbox 553 1204 795 1271; x_wconf 84' lang='lat' dir='ltr'><strong>Turgida</strong></span> <span class='ocrx_word' id='word_1_59' title='bbox 829 1205 964 1258; x_wconf 84' lang='lat' dir='ltr'><strong>vela.</strong></span> 
     </span>
    </p>
   </div>
   <div class='ocr_carea' id='block_1_6' title="bbox 1009 1345 1113 1400">
    <p class='ocr_par' dir='ltr' id='par_1_6' title="bbox 1009 1345 1113 1400">
     <span class='ocr_line' id='line_1_16' title="bbox 1009 1345 1113 1400; baseline 0.029 -3"><span class='ocrx_word' id='word_1_60' title='bbox 1009 1345 1113 1400; x_wconf 90' lang='lat' dir='ltr'><strong>XI.</strong></span> 
     </span>
    </p>
   </div>
   <div class='ocr_carea' id='block_1_7' title="bbox 483 1426 1658 3233">
    <p class='ocr_par' dir='ltr' id='par_1_7' title="bbox 487 1426 1636 1646">
     <span class='ocr_line' id='line_1_17' title="bbox 487 1426 1636 1501; baseline 0.004 -21"><span class='ocrx_word' id='word_1_61' title='bbox 487 1428 635 1492; x_wconf 84' lang='lat' dir='ltr'><strong>an</strong></span> <span class='ocrx_word' id='word_1_62' title='bbox 669 1426 952 1481; x_wconf 90' lang='lat' dir='ltr'><strong>bellicosus</strong></span> <span class='ocrx_word' id='word_1_63' title='bbox 990 1427 1266 1482; x_wconf 80' lang='lat' dir='ltr'><strong>Cantaber</strong></span> <span class='ocrx_word' id='word_1_64' title='bbox 1300 1432 1359 1483; x_wconf 92' lang='lat' dir='ltr'><strong>et</strong></span> <span class='ocrx_word' id='word_1_65' title='bbox 1395 1429 1636 1501; x_wconf 74' lang='lat' dir='ltr'><strong>ScytheS‚</strong></span> 
     </span>
     <span class='ocr_line' id='line_1_18' title="bbox 488 1503 1455 1572; baseline 0.002 -16"><span class='ocrx_word' id='word_1_66' title='bbox 488 1503 719 1572; x_wconf 84' lang='lat' dir='ltr'><strong>Hirpine</strong></span> <span class='ocrx_word' id='word_1_67' title='bbox 756 1503 960 1570; x_wconf 83' lang='lat' dir='ltr'><strong>Quinti,</strong></span> <span class='ocrx_word' id='word_1_68' title='bbox 996 1504 1204 1571; x_wconf 85' lang='lat' dir='ltr'><strong>cogitet</strong></span> <span class='ocrx_word' id='word_1_69' title='bbox 1241 1504 1455 1558; x_wconf 81' lang='lat' dir='ltr'><strong>Hadria</strong></span> 
     </span>
     <span class='ocr_line' id='line_1_19' title="bbox 555 1577 1313 1646; baseline 0.001 -15"><span class='ocrx_word' id='word_1_70' title='bbox 555 1579 774 1631; x_wconf 86' lang='lat' dir='ltr'><strong>Divisus</strong></span> <span class='ocrx_word' id='word_1_71' title='bbox 809 1577 1025 1646; x_wconf 83' lang='lat' dir='ltr'><strong>objecto</strong></span> <span class='ocrx_word' id='word_1_72' title='bbox 1060 1579 1313 1632; x_wconf 86' lang='lat' dir='ltr'><strong>remittas</strong></span> 
     </span>
    </p>

    <p class='ocr_par' dir='ltr' id='par_1_8' title="bbox 488 1654 1620 1875">
     <span class='ocr_line' id='line_1_20' title="bbox 624 1654 1620 1723; baseline 0.003 -16"><span class='ocrx_word' id='word_1_73' title='bbox 624 1654 914 1720; x_wconf 84' lang='lat' dir='ltr'><strong>Quaerere,</strong></span> <span class='ocrx_word' id='word_1_74' title='bbox 950 1670 1053 1707; x_wconf 90' lang='lat' dir='ltr'><strong>nec</strong></span> <span class='ocrx_word' id='word_1_75' title='bbox 1086 1655 1333 1723; x_wconf 87' lang='lat' dir='ltr'><strong>trepides</strong></span> <span class='ocrx_word' id='word_1_76' title='bbox 1368 1655 1425 1707; x_wconf 90' lang='lat' dir='ltr'><strong>in</strong></span> <span class='ocrx_word' id='word_1_77' title='bbox 1461 1673 1620 1710; x_wconf 88' lang='lat' dir='ltr'><strong>usum</strong></span> 
     </span>
     <span class='ocr_line' id='line_1_21' title="bbox 488 1728 1567 1799; baseline 0.001 -16"><span class='ocrx_word' id='word_1_78' title='bbox 488 1728 769 1784; x_wconf 88' lang='lat' dir='ltr'><strong>Poscentis</strong></span> <span class='ocrx_word' id='word_1_79' title='bbox 803 1730 922 1783; x_wconf 87' lang='lat' dir='ltr'><strong>aevi</strong></span> <span class='ocrx_word' id='word_1_80' title='bbox 959 1747 1145 1799; x_wconf 87' lang='lat' dir='ltr'><strong>pauca.</strong></span> <span class='ocrx_word' id='word_1_81' title='bbox 1216 1730 1384 1799; x_wconf 83' lang='lat' dir='ltr'><strong>Fugit</strong></span> <span class='ocrx_word' id='word_1_82' title='bbox 1420 1736 1567 1785; x_wconf 86' lang='lat' dir='ltr'><strong>retro</strong></span> 
     </span>
     <span class='ocr_line' id='line_1_22' title="bbox 488 1805 1434 1875; baseline 0.002 -17"><span class='ocrx_word' id='word_1_83' title='bbox 488 1805 651 1860; x_wconf 76' lang='lat' dir='ltr'><strong>Levis</strong></span> <span class='ocrx_word' id='word_1_84' title='bbox 676 1805 936 1874; x_wconf 79' lang='lat' dir='ltr'><strong>juventas</strong></span> <span class='ocrx_word' id='word_1_85' title='bbox 971 1810 1030 1860; x_wconf 89' lang='lat' dir='ltr'><strong>et</strong></span> <span class='ocrx_word' id='word_1_86' title='bbox 1065 1807 1244 1875; x_wconf 87' lang='lat' dir='ltr'><strong>decor,</strong></span> <span class='ocrx_word' id='word_1_87' title='bbox 1280 1807 1434 1860; x_wconf 83' lang='lat' dir='ltr'><strong>arida</strong></span> 
     </span>
    </p>

    <p class='ocr_par' dir='ltr' id='par_1_9' title="bbox 557 1882 1311 1936">
     <span class='ocr_line' id='line_1_23' title="bbox 557 1882 1311 1936; baseline 0 0"><span class='ocrx_word' id='word_1_88' title='bbox 557 1882 803 1936; x_wconf 88' lang='lat' dir='ltr'><strong>Pellente</strong></span> <span class='ocrx_word' id='word_1_89' title='bbox 839 1882 1064 1935; x_wconf 84' lang='lat' dir='ltr'><strong>lascivos</strong></span> <span class='ocrx_word' id='word_1_90' title='bbox 1100 1899 1311 1936; x_wconf 84' lang='lat' dir='ltr'><strong>amores</strong></span> 
     </span>
    </p>

    <p class='ocr_par' dir='ltr' id='par_1_10' title="bbox 625 1956 1495 2025">
     <span class='ocr_line' id='line_1_24' title="bbox 625 1956 1495 2025; baseline 0.002 -15"><span class='ocrx_word' id='word_1_91' title='bbox 625 1956 839 2010; x_wconf 82' lang='lat' dir='ltr'><strong>Canitie</strong></span> <span class='ocrx_word' id='word_1_92' title='bbox 875 1957 1197 2025; x_wconf 81' lang='lat' dir='ltr'><strong>facilemque</strong></span> <span class='ocrx_word' id='word_1_93' title='bbox 1234 1975 1495 2012; x_wconf 88' lang='lat' dir='ltr'><strong>somnum.</strong></span> 
     </span>
    </p>

    <p class='ocr_par' dir='ltr' id='par_1_11' title="bbox 487 2032 1646 2252">
     <span class='ocr_line' id='line_1_25' title="bbox 487 2032 1624 2101; baseline 0.003 -15"><span class='ocrx_word' id='word_1_94' title='bbox 487 2032 540 2086; x_wconf 90' lang='lat' dir='ltr'>N</span> <span class='ocrx_word' id='word_1_95' title='bbox 543 2049 612 2086; x_wconf 92' lang='lat' dir='ltr'><strong>on</strong></span> <span class='ocrx_word' id='word_1_96' title='bbox 647 2049 862 2101; x_wconf 85' lang='lat' dir='ltr'><strong>semper</strong></span> <span class='ocrx_word' id='word_1_97' title='bbox 895 2032 1042 2085; x_wconf 85' lang='lat' dir='ltr'><strong>idem</strong></span> <span class='ocrx_word' id='word_1_98' title='bbox 1079 2033 1301 2087; x_wconf 83' lang='lat' dir='ltr'><strong>floribus</strong></span> <span class='ocrx_word' id='word_1_99' title='bbox 1336 2038 1419 2087; x_wconf 90' lang='lat' dir='ltr'><strong>est</strong></span> <span class='ocrx_word' id='word_1_100' title='bbox 1453 2035 1624 2089; x_wconf 90' lang='lat' dir='ltr'><strong>honor</strong></span> 
     </span>
     <span class='ocr_line' id='line_1_26' title="bbox 488 2107 1646 2178; baseline 0.003 -17"><span class='ocrx_word' id='word_1_101' title='bbox 488 2107 687 2162; x_wconf 87' lang='lat' dir='ltr'><strong>Vernis</strong></span> <span class='ocrx_word' id='word_1_102' title='bbox 721 2125 900 2178; x_wconf 86' lang='lat' dir='ltr'><strong>neque</strong></span> <span class='ocrx_word' id='word_1_103' title='bbox 936 2125 1042 2161; x_wconf 91' lang='lat' dir='ltr'><strong>uno</strong></span> <span class='ocrx_word' id='word_1_104' title='bbox 1079 2109 1235 2162; x_wconf 87' lang='lat' dir='ltr'><strong>Luna</strong></span> <span class='ocrx_word' id='word_1_105' title='bbox 1269 2109 1472 2162; x_wconf 90' lang='lat' dir='ltr'><strong>rubens</strong></span> <span class='ocrx_word' id='word_1_106' title='bbox 1505 2111 1646 2165; x_wconf 83' lang='lat' dir='ltr'><strong>nitet</strong></span> 
     </span>
     <span class='ocr_line' id='line_1_27' title="bbox 558 2183 1512 2252; baseline 0.002 -15"><span class='ocrx_word' id='word_1_107' title='bbox 558 2183 764 2237; x_wconf 88' lang='lat' dir='ltr'><strong>Vultu:</strong></span> <span class='ocrx_word' id='word_1_108' title='bbox 800 2184 935 2252; x_wconf 88' lang='lat' dir='ltr'><strong>quid</strong></span> <span class='ocrx_word' id='word_1_109' title='bbox 969 2185 1212 2237; x_wconf 89' lang='lat' dir='ltr'><strong>aeternis</strong></span> <span class='ocrx_word' id='word_1_110' title='bbox 1249 2186 1512 2239; x_wconf 86' lang='lat' dir='ltr'><strong>minorem</strong></span> 
     </span>
    </p>

    <p class='ocr_par' dir='ltr' id='par_1_12' title="bbox 627 2260 1429 2328">
     <span class='ocr_line' id='line_1_28' title="bbox 627 2260 1429 2328; baseline 0.001 -14"><span class='ocrx_word' id='word_1_111' title='bbox 627 2260 879 2314; x_wconf 89' lang='lat' dir='ltr'><strong>Consiliis</strong></span> <span class='ocrx_word' id='word_1_112' title='bbox 915 2261 1154 2313; x_wconf 83' lang='lat' dir='ltr'><strong>animum</strong></span> <span class='ocrx_word' id='word_1_113' title='bbox 1189 2261 1429 2328; x_wconf 68' lang='lat' dir='ltr'><strong>fatigas?</strong></span> 
     </span>
    </p>

    <p class='ocr_par' dir='ltr' id='par_1_13' title="bbox 487 2335 1658 2556">
     <span class='ocr_line' id='line_1_29' title="bbox 487 2335 1658 2404; baseline 0.002 -14"><span class='ocrx_word' id='word_1_114' title='bbox 487 2335 600 2390; x_wconf 85' lang='lat' dir='ltr'><strong>Cur</strong></span> <span class='ocrx_word' id='word_1_115' title='bbox 631 2352 741 2389; x_wconf 89' lang='lat' dir='ltr'><strong>non</strong></span> <span class='ocrx_word' id='word_1_116' title='bbox 776 2335 877 2389; x_wconf 92' lang='lat' dir='ltr'><strong>sub</strong></span> <span class='ocrx_word' id='word_1_117' title='bbox 912 2336 1025 2389; x_wconf 87' lang='lat' dir='ltr'><strong>alta</strong></span> <span class='ocrx_word' id='word_1_118' title='bbox 1058 2336 1146 2390; x_wconf 83' lang='lat' dir='ltr'><strong>vel</strong></span> <span class='ocrx_word' id='word_1_119' title='bbox 1180 2337 1399 2404; x_wconf 86' lang='lat' dir='ltr'><strong>platano</strong></span> <span class='ocrx_word' id='word_1_120' title='bbox 1435 2338 1519 2391; x_wconf 84' lang='lat' dir='ltr'><strong>vel</strong></span> <span class='ocrx_word' id='word_1_121' title='bbox 1556 2339 1658 2392; x_wconf 85' lang='lat' dir='ltr'><strong>hac</strong></span> 
     </span>
     <span class='ocr_line' id='line_1_30' title="bbox 490 2411 1519 2479; baseline 0.002 -15"><span class='ocrx_word' id='word_1_122' title='bbox 490 2411 631 2464; x_wconf 89' lang='lat' dir='ltr'><strong>Pinu</strong></span> <span class='ocrx_word' id='word_1_123' title='bbox 654 2411 907 2479; x_wconf 84' lang='lat' dir='ltr'><strong>jacentes</strong></span> <span class='ocrx_word' id='word_1_124' title='bbox 943 2412 1018 2465; x_wconf 91' lang='lat' dir='ltr'><strong>sic</strong></span> <span class='ocrx_word' id='word_1_125' title='bbox 1053 2416 1264 2466; x_wconf 89' lang='lat' dir='ltr'><strong>temere</strong></span> <span class='ocrx_word' id='word_1_126' title='bbox 1301 2416 1360 2466; x_wconf 88' lang='lat' dir='ltr'><strong>et</strong></span> <span class='ocrx_word' id='word_1_127' title='bbox 1397 2430 1519 2466; x_wconf 87' lang='lat' dir='ltr'><strong>rosa</strong></span> 
     </span>
     <span class='ocr_line' id='line_1_31' title="bbox 558 2487 1254 2556; baseline -0.001 -15"><span class='ocrx_word' id='word_1_128' title='bbox 558 2487 733 2541; x_wconf 85' lang='lat' dir='ltr'><strong>Canos</strong></span> <span class='ocrx_word' id='word_1_129' title='bbox 767 2487 982 2540; x_wconf 86' lang='lat' dir='ltr'><strong>odorati</strong></span> <span class='ocrx_word' id='word_1_130' title='bbox 1018 2488 1254 2556; x_wconf 83' lang='lat' dir='ltr'><strong>capillos,</strong></span> 
     </span>
    </p>

    <p class='ocr_par' dir='ltr' id='par_1_14' title="bbox 485 2562 1530 2784">
     <span class='ocr_line' id='line_1_32' title="bbox 624 2562 1530 2633; baseline 0.003 -18"><span class='ocrx_word' id='word_1_131' title='bbox 624 2562 771 2615; x_wconf 89' lang='lat' dir='ltr'><strong>Dum</strong></span> <span class='ocrx_word' id='word_1_132' title='bbox 806 2562 949 2630; x_wconf 88' lang='lat' dir='ltr'><strong>licet,</strong></span> <span class='ocrx_word' id='word_1_133' title='bbox 988 2564 1321 2633; x_wconf 77' lang='lat' dir='ltr'><strong>Assyriaque</strong></span> <span class='ocrx_word' id='word_1_134' title='bbox 1358 2565 1530 2618; x_wconf 89' lang='lat' dir='ltr'><strong>nardo</strong></span> 
     </span>
     <span class='ocr_line' id='line_1_33' title="bbox 486 2636 1494 2707; baseline 0.001 -16"><span class='ocrx_word' id='word_1_135' title='bbox 486 2636 748 2691; x_wconf 82' lang='lat' dir='ltr'><strong>Potamus</strong></span> <span class='ocrx_word' id='word_1_136' title='bbox 781 2637 971 2691; x_wconf 65' lang='lat' dir='ltr'><strong>uncti?</strong></span> <span class='ocrx_word' id='word_1_137' title='bbox 1045 2639 1288 2707; x_wconf 80' lang='lat' dir='ltr'><strong>Dissipat</strong></span> <span class='ocrx_word' id='word_1_138' title='bbox 1326 2641 1494 2692; x_wconf 88' lang='lat' dir='ltr'><strong>Euius</strong></span> 
     </span>
     <span class='ocr_line' id='line_1_34' title="bbox 485 2714 1462 2784; baseline -0.001 -15"><span class='ocrx_word' id='word_1_139' title='bbox 485 2714 658 2769; x_wconf 66' lang='lat' dir='ltr'><strong>ctu-as</strong></span> <span class='ocrx_word' id='word_1_140' title='bbox 691 2714 899 2768; x_wconf 81' lang='lat' dir='ltr'><strong>edaces.</strong></span> <span class='ocrx_word' id='word_1_141' title='bbox 972 2714 1106 2778; x_wconf 82' lang='lat' dir='ltr'><strong>Quis</strong></span> <span class='ocrx_word' id='word_1_142' title='bbox 1141 2733 1277 2784; x_wconf 88' lang='lat' dir='ltr'><strong>puer</strong></span> <span class='ocrx_word' id='word_1_143' title='bbox 1313 2717 1462 2769; x_wconf 90' lang='lat' dir='ltr'><strong>ocius</strong></span> 
     </span>
    </p>

    <p class='ocr_par' dir='ltr' id='par_1_15' title="bbox 557 2789 1426 2857">
     <span class='ocr_line' id='line_1_35' title="bbox 557 2789 1426 2857; baseline 0.002 -14"><span class='ocrx_word' id='word_1_144' title='bbox 557 2789 890 2857; x_wconf 87' lang='lat' dir='ltr'><strong>Restinguet</strong></span> <span class='ocrx_word' id='word_1_145' title='bbox 925 2791 1168 2843; x_wconf 85' lang='lat' dir='ltr'><strong>ardentis</strong></span> <span class='ocrx_word' id='word_1_146' title='bbox 1209 2792 1426 2845; x_wconf 80' lang='lat' dir='ltr'><strong>Falerni</strong></span> 
     </span>
    </p>

    <p class='ocr_par' dir='ltr' id='par_1_16' title="bbox 483 2865 1577 3087">
     <span class='ocr_line' id='line_1_36' title="bbox 619 2865 1535 2936; baseline 0.004 -19"><span class='ocrx_word' id='word_1_147' title='bbox 619 2865 823 2918; x_wconf 89' lang='lat' dir='ltr'><strong>Pocula</strong></span> <span class='ocrx_word' id='word_1_148' title='bbox 855 2869 1241 2933; x_wconf 87' lang='lat' dir='ltr'><strong>praetereunte</strong></span> <span class='ocrx_word' id='word_1_149' title='bbox 1279 2868 1535 2936; x_wconf 62' lang='lat' dir='ltr'><strong>lympha?</strong></span> 
     </span>
     <span class='ocr_line' id='line_1_37' title="bbox 483 2939 1563 3005; baseline 0.001 -10"><span class='ocrx_word' id='word_1_150' title='bbox 483 2939 618 3005; x_wconf 84' lang='lat' dir='ltr'><strong>Quis</strong></span> <span class='ocrx_word' id='word_1_151' title='bbox 654 2941 872 2994; x_wconf 88' lang='lat' dir='ltr'><strong>devium</strong></span> <span class='ocrx_word' id='word_1_152' title='bbox 910 2949 1147 2994; x_wconf 86' lang='lat' dir='ltr'><strong>scortum</strong></span> <span class='ocrx_word' id='word_1_153' title='bbox 1184 2943 1365 2996; x_wconf 88' lang='lat' dir='ltr'><strong>eliciet</strong></span> <span class='ocrx_word' id='word_1_154' title='bbox 1401 2943 1563 2996; x_wconf 85' lang='lat' dir='ltr'><strong>domo</strong></span> 
     </span>
     <span class='ocr_line' id='line_1_38' title="bbox 486 3015 1577 3087; baseline 0.004 -18"><span class='ocrx_word' id='word_1_155' title='bbox 486 3015 718 3085; x_wconf 64' lang='lat' dir='ltr'><strong>Lyden?</strong></span> <span class='ocrx_word' id='word_1_156' title='bbox 789 3015 1011 3068; x_wconf 85' lang='lat' dir='ltr'><strong>Eburna</strong></span> <span class='ocrx_word' id='word_1_157' title='bbox 1044 3017 1133 3068; x_wconf 90' lang='lat' dir='ltr'><strong>dic</strong></span> <span class='ocrx_word' id='word_1_158' title='bbox 1169 3034 1269 3084; x_wconf 78' lang='lat' dir='ltr'><strong>nge</strong></span> <span class='ocrx_word' id='word_1_159' title='bbox 1306 3035 1429 3071; x_wconf 89' lang='lat' dir='ltr'><strong>cum</strong></span> <span class='ocrx_word' id='word_1_160' title='bbox 1464 3019 1577 3087; x_wconf 80' lang='lat' dir='ltr'><strong>lyra</strong></span> 
     </span>
    </p>

    <p class='ocr_par' dir='ltr' id='par_1_17' title="bbox 557 3092 1530 3160">
     <span class='ocr_line' id='line_1_39' title="bbox 557 3092 1530 3160; baseline 0.005 -18"><span class='ocrx_word' id='word_1_161' title='bbox 557 3092 806 3144; x_wconf 86' lang='lat' dir='ltr'><strong>Maturet</strong></span> <span class='ocrx_word' id='word_1_162' title='bbox 839 3092 897 3143; x_wconf 92' lang='lat' dir='ltr'><strong>in</strong></span> <span class='ocrx_word' id='word_1_163' title='bbox 934 3096 1210 3160; x_wconf 87' lang='lat' dir='ltr'><strong>comptum</strong></span> <span class='ocrx_word' id='word_1_164' title='bbox 1253 3093 1530 3147; x_wconf 77' lang='lat' dir='ltr'><strong>Lacaenae</strong></span> 
     </span>
    </p>

    <p class='ocr_par' dir='ltr' id='par_1_18' title="bbox 621 3165 1515 3233">
     <span class='ocr_line' id='line_1_40' title="bbox 621 3165 1515 3233; baseline 0.004 -15"><span class='ocrx_word' id='word_1_165' title='bbox 621 3165 780 3219; x_wconf 88' lang='lat' dir='ltr'><strong>More</strong></span> <span class='ocrx_word' id='word_1_166' title='bbox 815 3181 995 3219; x_wconf 88' lang='lat' dir='ltr'><strong>comas</strong></span> <span class='ocrx_word' id='word_1_167' title='bbox 1030 3167 1262 3233; x_wconf 82' lang='lat' dir='ltr'><strong>religata</strong></span> <span class='ocrx_word' id='word_1_168' title='bbox 1297 3168 1515 3224; x_wconf 81' lang='lat' dir='ltr'><strong>nodum.</strong></span> 
     </span>
    </p>
   </div>
   <div class='ocr_carea' id='block_1_8' title="bbox 1859 147 1962 209">
    <p class='ocr_par' dir='ltr' id='par_1_19' title="bbox 1859 147 1962 209">
     <span class='ocr_line' id='line_1_41' title="bbox 1859 147 1962 209; baseline -0.019 -13"><span class='ocrx_word' id='word_1_169' title='bbox 1859 147 1962 209; x_wconf 45' lang='grc'><strong>33,</strong></span> 
     </span>
    </p>
   </div>
   <div class='ocr_carea' id='block_1_9' title="bbox 1874 544 1919 583">
    <p class='ocr_par' dir='ltr' id='par_1_20' title="bbox 1874 544 1919 583">
     <span class='ocr_line' id='line_1_42' title="bbox 1874 544 1919 583; baseline 0 0"><span class='ocrx_word' id='word_1_170' title='bbox 1874 544 1919 583; x_wconf 78' lang='lat'><strong>15</strong></span> 
     </span>
    </p>
   </div>
   <div class='ocr_carea' id='block_1_10' title="bbox 1870 2128 1914 2167">
    <p class='ocr_par' dir='ltr' id='par_1_21' title="bbox 1870 2128 1914 2167">
     <span class='ocr_line' id='line_1_43' title="bbox 1870 2128 1914 2167; baseline 0.023 -1"><span class='ocrx_word' id='word_1_171' title='bbox 1870 2128 1914 2167; x_wconf 83' lang='lat' dir='ltr'><strong>lo</strong></span> 
     </span>
    </p>
   </div>
   <div class='ocr_carea' id='block_1_11' title="bbox 1873 2508 1915 2545">
    <p class='ocr_par' dir='ltr' id='par_1_22' title="bbox 1873 2508 1915 2545">
     <span class='ocr_line' id='line_1_44' title="bbox 1873 2508 1915 2545; baseline 0.024 -1"><span class='ocrx_word' id='word_1_172' title='bbox 1873 2508 1915 2545; x_wconf 85' lang='grc'><strong>15</strong></span> 
     </span>
    </p>
   </div>
  </div>
 </body>
</html>
