<?xml version="1.0" encoding="UTF-8"?>
<!DOCTYPE html PUBLIC "-//W3C//DTD XHTML 1.0 Transitional//EN"
    "http://www.w3.org/TR/xhtml1/DTD/xhtml1-transitional.dtd">
<html xmlns="http://www.w3.org/1999/xhtml" xml:lang="en" lang="en">
 <head>
  <title>
</title>
<meta http-equiv="Content-Type" content="text/html;charset=utf-8" />
  <meta name='ocr-system' content='tesseract 3.04.00' />
  <meta name='ocr-capabilities' content='ocr_page ocr_carea ocr_par ocr_line ocrx_word'/>
</head>
<body>
  <div class='ocr_page' id='page_1' title='image "./quintihoratiifl02longgoog_0098.png"; bbox 0 0 2217 3559; ppageno 0'>
   <div class='ocr_carea' id='block_1_1' title="bbox 282 105 343 152">
    <p class='ocr_par' dir='ltr' id='par_1_1' title="bbox 282 105 343 152">
     <span class='ocr_line' id='line_1_1' title="bbox 282 105 343 152; baseline 0.016 -1"><span class='ocrx_word' id='word_1_1' title='bbox 282 105 343 152; x_wconf 84' lang='lat'><strong>62</strong></span> 
     </span>
    </p>
   </div>
   <div class='ocr_carea' id='block_1_2' title="bbox 830 0 2159 269">
    <p class='ocr_par' dir='ltr' id='par_1_2' title="bbox 830 0 2159 269">
     <span class='ocr_line' id='line_1_2' title="bbox 830 0 2159 269; baseline -0.005 -118"><span class='ocrx_word' id='word_1_2' title='bbox 830 102 1140 151; x_wconf 83' lang='lat' dir='ltr'><strong>HORATH</strong></span> <span class='ocrx_word' id='word_1_3' title='bbox 1175 100 1437 149; x_wconf 80' lang='lat' dir='ltr'>FLAOOI</span> <span class='ocrx_word' id='word_1_4' title='bbox 1755 162 1762 170; x_wconf 40' lang='grc'>,</span> <span class='ocrx_word' id='word_1_5' title='bbox 2123 0 2159 269; x_wconf 71' lang='grc' dir='ltr'>Ι</span> 
     </span>
    </p>
   </div>
   <div class='ocr_carea' id='block_1_3' title="bbox 556 180 2017 3199">
    <p class='ocr_par' dir='ltr' id='par_1_3' title="bbox 556 180 2017 3199">
     <span class='ocr_line' id='line_1_3' title="bbox 556 180 1389 249; baseline -0.005 -13"><span class='ocrx_word' id='word_1_6' title='bbox 556 182 767 249; x_wconf 67' lang='lat' dir='ltr'><strong>Claros,</strong></span> <span class='ocrx_word' id='word_1_7' title='bbox 801 198 907 233; x_wconf 92' lang='lat' dir='ltr'><strong>non</strong></span> <span class='ocrx_word' id='word_1_8' title='bbox 943 180 1185 233; x_wconf 87' lang='lat' dir='ltr'><strong>animum</strong></span> <span class='ocrx_word' id='word_1_9' title='bbox 1222 184 1389 244; x_wconf 89' lang='lat' dir='ltr'><strong>metu,</strong></span> 
     </span>
     <span class='ocr_line' id='line_1_4' title="bbox 626 255 1737 324; baseline 0.001 -14"><span class='ocrx_word' id='word_1_10' title='bbox 626 258 678 310; x_wconf 89' lang='lat' dir='ltr'>N</span> <span class='ocrx_word' id='word_1_11' title='bbox 681 274 750 309; x_wconf 89' lang='lat' dir='ltr'><strong>on</strong></span> <span class='ocrx_word' id='word_1_12' title='bbox 785 257 975 310; x_wconf 84' lang='lat' dir='ltr'><strong>mortis</strong></span> <span class='ocrx_word' id='word_1_13' title='bbox 1011 255 1220 324; x_wconf 75' lang='lat' dir='ltr'>laqueis</span> <span class='ocrx_word' id='word_1_14' title='bbox 1257 255 1520 323; x_wconf 76' lang='lat' dir='ltr'><strong>expedies</strong></span> <span class='ocrx_word' id='word_1_15' title='bbox 1555 258 1737 323; x_wconf 78' lang='lat' dir='ltr'><strong>caput.</strong></span> 
     </span>
     <span class='ocr_line' id='line_1_5' title="bbox 559 331 1407 400; baseline -0.004 -13"><span class='ocrx_word' id='word_1_16' title='bbox 559 332 908 400; x_wconf 79' lang='lat' dir='ltr'><strong>Campestres</strong></span> <span class='ocrx_word' id='word_1_17' title='bbox 943 332 1138 385; x_wconf 87' lang='lat' dir='ltr'><strong>melius</strong></span> <span class='ocrx_word' id='word_1_18' title='bbox 1176 331 1407 398; x_wconf 73' lang='lat' dir='ltr'><strong>Scythae</strong></span> 
     </span>
     <span class='ocr_line' id='line_1_6' title="bbox 627 407 2013 476; baseline 0.003 -15"><span class='ocrx_word' id='word_1_19' title='bbox 627 408 869 471; x_wconf 88' lang='lat' dir='ltr'><strong>Quorum</strong></span> <span class='ocrx_word' id='word_1_20' title='bbox 886 408 1132 476; x_wconf 85' lang='lat' dir='ltr'><strong>plaustra</strong></span> <span class='ocrx_word' id='word_1_21' title='bbox 1150 423 1316 472; x_wconf 82' lang='lat' dir='ltr'><strong>vagas</strong></span> <span class='ocrx_word' id='word_1_22' title='bbox 1335 407 1442 459; x_wconf 84' lang='lat' dir='ltr'><strong>rite</strong></span> <span class='ocrx_word' id='word_1_23' title='bbox 1462 407 1692 462; x_wconf 83' lang='lat' dir='ltr'><strong>trahunt</strong></span> <span class='ocrx_word' id='word_1_24' title='bbox 1711 407 1910 462; x_wconf 85' lang='lat' dir='ltr'><strong>domos</strong></span> <span class='ocrx_word' id='word_1_25' title='bbox 1964 425 2013 465; x_wconf 79' lang='lat' dir='ltr'><strong>m</strong></span> 
     </span>
     <span class='ocr_line' id='line_1_7' title="bbox 565 482 1301 551; baseline -0.001 -15"><span class='ocrx_word' id='word_1_26' title='bbox 565 484 792 551; x_wconf 87' lang='lat' dir='ltr'><strong>Vivunt‚</strong></span> <span class='ocrx_word' id='word_1_27' title='bbox 829 487 888 536; x_wconf 89' lang='lat' dir='ltr'><strong>et</strong></span> <span class='ocrx_word' id='word_1_28' title='bbox 923 482 1087 550; x_wconf 80' lang='lat' dir='ltr'>rigidi</span> <span class='ocrx_word' id='word_1_29' title='bbox 1125 482 1301 543; x_wconf 80' lang='lat' dir='ltr'><strong>Getae</strong></span> 
     </span>
     <span class='ocr_line' id='line_1_8' title="bbox 634 556 1629 626; baseline 0.002 -15"><span class='ocrx_word' id='word_1_30' title='bbox 634 559 928 612; x_wconf 85' lang='lat' dir='ltr'><strong>Immetata</strong></span> <span class='ocrx_word' id='word_1_31' title='bbox 963 558 1162 626; x_wconf 84' lang='lat' dir='ltr'><strong>quibus</strong></span> <span class='ocrx_word' id='word_1_32' title='bbox 1189 556 1392 625; x_wconf 84' lang='lat' dir='ltr'><strong>jugera</strong></span> <span class='ocrx_word' id='word_1_33' title='bbox 1428 558 1629 613; x_wconf 72' lang='lat' dir='ltr'><strong>liberas</strong></span> 
     </span>
     <span class='ocr_line' id='line_1_9' title="bbox 561 634 1402 702; baseline -0.001 -15"><span class='ocrx_word' id='word_1_34' title='bbox 561 634 775 702; x_wconf 84' lang='lat' dir='ltr'><strong>Fruges</strong></span> <span class='ocrx_word' id='word_1_35' title='bbox 810 638 869 688; x_wconf 89' lang='lat' dir='ltr'><strong>et</strong></span> <span class='ocrx_word' id='word_1_36' title='bbox 907 634 1166 688; x_wconf 87' lang='lat' dir='ltr'><strong>Cererem</strong></span> <span class='ocrx_word' id='word_1_37' title='bbox 1201 634 1402 699; x_wconf 87' lang='lat' dir='ltr'><strong>ferunt,</strong></span> 
     </span>
     <span class='ocr_line' id='line_1_10' title="bbox 633 710 1692 780; baseline 0.002 -18"><span class='ocrx_word' id='word_1_38' title='bbox 633 711 685 762; x_wconf 91' lang='lat' dir='ltr'>N</span> <span class='ocrx_word' id='word_1_39' title='bbox 691 727 752 764; x_wconf 88' lang='lat' dir='ltr'><strong>ec</strong></span> <span class='ocrx_word' id='word_1_40' title='bbox 787 710 1002 764; x_wconf 86' lang='lat' dir='ltr'><strong>cultura</strong></span> <span class='ocrx_word' id='word_1_41' title='bbox 1038 710 1220 778; x_wconf 86' lang='lat' dir='ltr'><strong>placet</strong></span> <span class='ocrx_word' id='word_1_42' title='bbox 1254 710 1464 778; x_wconf 85' lang='lat' dir='ltr'>longior</span> <span class='ocrx_word' id='word_1_43' title='bbox 1498 728 1692 780; x_wconf 84' lang='lat' dir='ltr'><strong>annua,</strong></span> 
     </span>
     <span class='ocr_line' id='line_1_11' title="bbox 563 784 2017 854; baseline 0 -15"><span class='ocrx_word' id='word_1_44' title='bbox 563 784 1004 854; x_wconf 83' lang='lat' dir='ltr'><strong>Defunctumque</strong></span> <span class='ocrx_word' id='word_1_45' title='bbox 1040 785 1319 838; x_wconf 82' lang='lat' dir='ltr'><strong>laboribus</strong></span> <span class='ocrx_word' id='word_1_46' title='bbox 1977 804 2017 839; x_wconf 75' lang='lat'><strong>15</strong></span> 
     </span>
     <span class='ocr_line' id='line_1_12' title="bbox 633 862 1581 930; baseline 0.003 -15"><span class='ocrx_word' id='word_1_47' title='bbox 633 862 870 930; x_wconf 85' lang='lat' dir='ltr'><strong>Aequali</strong></span> <span class='ocrx_word' id='word_1_48' title='bbox 905 865 1120 914; x_wconf 88' lang='lat' dir='ltr'><strong>recreat</strong></span> <span class='ocrx_word' id='word_1_49' title='bbox 1154 866 1302 914; x_wconf 81' lang='lat' dir='ltr'><strong>sorte</strong></span> <span class='ocrx_word' id='word_1_50' title='bbox 1338 862 1581 918; x_wconf 79' lang='lat' dir='ltr'><strong>vicarius.</strong></span> 
     </span>
     <span class='ocr_line' id='line_1_13' title="bbox 566 936 1251 991; baseline -0.003 0"><span class='ocrx_word' id='word_1_51' title='bbox 566 937 687 991; x_wconf 91' lang='lat' dir='ltr'><strong>Illic</strong></span> <span class='ocrx_word' id='word_1_52' title='bbox 722 940 900 991; x_wconf 87' lang='lat' dir='ltr'><strong>matre</strong></span> <span class='ocrx_word' id='word_1_53' title='bbox 938 936 1251 990; x_wconf 78' lang='lat' dir='ltr'><strong>carentibus</strong></span> 
     </span>
     <span class='ocr_line' id='line_1_14' title="bbox 630 1012 1754 1086; baseline 0.004 -20"><span class='ocrx_word' id='word_1_54' title='bbox 630 1013 902 1081; x_wconf 83' lang='lat' dir='ltr'><strong>Privignis</strong></span> <span class='ocrx_word' id='word_1_55' title='bbox 935 1012 1133 1065; x_wconf 87' lang='lat' dir='ltr'><strong>mulier</strong></span> <span class='ocrx_word' id='word_1_56' title='bbox 1169 1016 1446 1081; x_wconf 79' lang='lat' dir='ltr'><strong>temperat</strong></span> <span class='ocrx_word' id='word_1_57' title='bbox 1480 1013 1754 1086; x_wconf 67' lang='lat' dir='ltr'><strong>inuocem,</strong></span> 
     </span>
     <span class='ocr_line' id='line_1_15' title="bbox 563 1088 1303 1155; baseline -0.005 -11"><span class='ocrx_word' id='word_1_58' title='bbox 563 1089 616 1144; x_wconf 86' lang='lat' dir='ltr'>N</span> <span class='ocrx_word' id='word_1_59' title='bbox 621 1107 683 1143; x_wconf 90' lang='lat' dir='ltr'><strong>ec</strong></span> <span class='ocrx_word' id='word_1_60' title='bbox 719 1089 911 1142; x_wconf 87' lang='lat' dir='ltr'><strong>dotata</strong></span> <span class='ocrx_word' id='word_1_61' title='bbox 945 1089 1089 1155; x_wconf 86' lang='lat' dir='ltr'><strong>regit</strong></span> <span class='ocrx_word' id='word_1_62' title='bbox 1126 1088 1303 1140; x_wconf 85' lang='lat' dir='ltr'><strong>virum</strong></span> 
     </span>
     <span class='ocr_line' id='line_1_16' title="bbox 632 1164 2015 1233; baseline 0.001 -15"><span class='ocrx_word' id='word_1_63' title='bbox 632 1164 848 1233; x_wconf 84' lang='lat' dir='ltr'><strong>Conjux</strong></span> <span class='ocrx_word' id='word_1_64' title='bbox 882 1181 983 1217; x_wconf 90' lang='lat' dir='ltr'><strong>nec</strong></span> <span class='ocrx_word' id='word_1_65' title='bbox 1019 1164 1195 1217; x_wconf 87' lang='lat' dir='ltr'><strong>nitido</strong></span> <span class='ocrx_word' id='word_1_66' title='bbox 1233 1164 1357 1217; x_wconf 89' lang='lat' dir='ltr'><strong>fidit</strong></span> <span class='ocrx_word' id='word_1_67' title='bbox 1391 1164 1658 1221; x_wconf 79' lang='lat' dir='ltr'><strong>adultero,</strong></span> <span class='ocrx_word' id='word_1_68' title='bbox 1967 1187 2015 1224; x_wconf 74' lang='lat'><strong>20</strong></span> 
     </span>
     <span class='ocr_line' id='line_1_17' title="bbox 563 1240 1380 1307; baseline -0.002 -13"><span class='ocrx_word' id='word_1_69' title='bbox 563 1240 678 1295; x_wconf 90' lang='lat' dir='ltr'><strong>Dos</strong></span> <span class='ocrx_word' id='word_1_70' title='bbox 714 1245 799 1294; x_wconf 83' lang='lat' dir='ltr'><strong>est</strong></span> <span class='ocrx_word' id='word_1_71' title='bbox 833 1256 1031 1307; x_wconf 83' lang='lat' dir='ltr'><strong>magna</strong></span> <span class='ocrx_word' id='word_1_72' title='bbox 1066 1240 1380 1307; x_wconf 85' lang='lat' dir='ltr'><strong>parentium</strong></span> 
     </span>
     <span class='ocr_line' id='line_1_18' title="bbox 639 1315 1619 1371; baseline 0 -2"><span class='ocrx_word' id='word_1_73' title='bbox 639 1317 835 1370; x_wconf 85' lang='lat' dir='ltr'><strong>Virtus</strong></span> <span class='ocrx_word' id='word_1_74' title='bbox 871 1320 929 1371; x_wconf 88' lang='lat' dir='ltr'><strong>et</strong></span> <span class='ocrx_word' id='word_1_75' title='bbox 964 1320 1217 1369; x_wconf 83' lang='lat' dir='ltr'><strong>metuens</strong></span> <span class='ocrx_word' id='word_1_76' title='bbox 1252 1315 1481 1368; x_wconf 85' lang='lat' dir='ltr'><strong>alterius</strong></span> <span class='ocrx_word' id='word_1_77' title='bbox 1517 1316 1619 1370; x_wconf 88' lang='lat' dir='ltr'><strong>viri</strong></span> 
     </span>
     <span class='ocr_line' id='line_1_19' title="bbox 565 1391 1284 1455; baseline -0.004 -9"><span class='ocrx_word' id='word_1_78' title='bbox 565 1392 735 1447; x_wconf 86' lang='lat' dir='ltr'><strong>Certo</strong></span> <span class='ocrx_word' id='word_1_79' title='bbox 770 1391 994 1445; x_wconf 86' lang='lat' dir='ltr'><strong>foedere</strong></span> <span class='ocrx_word' id='word_1_80' title='bbox 1030 1392 1284 1455; x_wconf 84' lang='lat' dir='ltr'><strong>castitas3</strong></span> 
     </span>
     <span class='ocr_line' id='line_1_20' title="bbox 634 1467 1879 1536; baseline 0.001 -14"><span class='ocrx_word' id='word_1_81' title='bbox 634 1469 709 1522; x_wconf 86' lang='lat' dir='ltr'><strong>Et</strong></span> <span class='ocrx_word' id='word_1_82' title='bbox 744 1484 969 1536; x_wconf 83' lang='lat' dir='ltr'><strong>peceare</strong></span> <span class='ocrx_word' id='word_1_83' title='bbox 1004 1467 1159 1519; x_wconf 87' lang='lat' dir='ltr'><strong>nefas</strong></span> <span class='ocrx_word' id='word_1_84' title='bbox 1194 1471 1292 1520; x_wconf 88' lang='lat' dir='ltr'><strong>aut</strong></span> <span class='ocrx_word' id='word_1_85' title='bbox 1324 1467 1567 1536; x_wconf 85' lang='lat' dir='ltr'><strong>pretium</strong></span> <span class='ocrx_word' id='word_1_86' title='bbox 1605 1475 1693 1522; x_wconf 85' lang='lat' dir='ltr'><strong>est</strong></span> <span class='ocrx_word' id='word_1_87' title='bbox 1725 1468 1879 1525; x_wconf 81' lang='lat' dir='ltr'><strong>mori.</strong></span> 
     </span>
     <span class='ocr_line' id='line_1_21' title="bbox 565 1543 2011 1612; baseline -0.003 -14"><span class='ocrx_word' id='word_1_88' title='bbox 565 1544 613 1598; x_wconf 92' lang='grc' dir='ltr'>Ο</span> <span class='ocrx_word' id='word_1_89' title='bbox 651 1543 898 1612; x_wconf 87' lang='lat' dir='ltr'><strong>quisquis</strong></span> <span class='ocrx_word' id='word_1_90' title='bbox 932 1543 1080 1596; x_wconf 85' lang='lat' dir='ltr'><strong>volet</strong></span> <span class='ocrx_word' id='word_1_91' title='bbox 1117 1543 1312 1611; x_wconf 87' lang='lat' dir='ltr'><strong>impias</strong></span> <span class='ocrx_word' id='word_1_92' title='bbox 1961 1564 2011 1601; x_wconf 77' lang='lat'><strong>‘25</strong></span> 
     </span>
     <span class='ocr_line' id='line_1_22' title="bbox 633 1619 1690 1687; baseline -0.001 -14"><span class='ocrx_word' id='word_1_93' title='bbox 633 1619 844 1673; x_wconf 84' lang='lat' dir='ltr'><strong>Caedes</strong></span> <span class='ocrx_word' id='word_1_94' title='bbox 879 1622 939 1673; x_wconf 90' lang='lat' dir='ltr'><strong>et</strong></span> <span class='ocrx_word' id='word_1_95' title='bbox 973 1619 1184 1672; x_wconf 80' lang='lat' dir='ltr'><strong>rabiem</strong></span> <span class='ocrx_word' id='word_1_96' title='bbox 1221 1619 1416 1672; x_wconf 89' lang='lat' dir='ltr'><strong>tollere</strong></span> <span class='ocrx_word' id='word_1_97' title='bbox 1452 1619 1690 1687; x_wconf 83' lang='lat' dir='ltr'><strong>civicam,</strong></span> 
     </span>
     <span class='ocr_line' id='line_1_23' title="bbox 566 1695 1837 1763; baseline -0.002 -13"><span class='ocrx_word' id='word_1_98' title='bbox 566 1696 626 1751; x_wconf 85' lang='lat' dir='ltr'><strong>Si</strong></span> <span class='ocrx_word' id='word_1_99' title='bbox 665 1699 895 1763; x_wconf 85' lang='lat' dir='ltr'><strong>quaeret</strong></span> <span class='ocrx_word' id='word_1_100' title='bbox 933 1695 1129 1747; x_wconf 62' lang='lat' dir='ltr'><strong>PATER</strong></span> <span class='ocrx_word' id='word_1_101' title='bbox 1166 1709 1391 1748; x_wconf 72' lang='lat' dir='ltr'><strong>nummu</strong></span> <span class='ocrx_word' id='word_1_102' title='bbox 1831 1741 1837 1747; x_wconf 89' lang='lat'><em>.</em></span> 
     </span>
     <span class='ocr_line' id='line_1_24' title="bbox 634 1769 1773 1837; baseline -0.001 -12"><span class='ocrx_word' id='word_1_103' title='bbox 634 1769 910 1825; x_wconf 85' lang='lat' dir='ltr'><strong>Subscribi</strong></span> <span class='ocrx_word' id='word_1_104' title='bbox 950 1770 1163 1837; x_wconf 76' lang='lat' dir='ltr'><strong>statuiS,</strong></span> <span class='ocrx_word' id='word_1_105' title='bbox 1200 1770 1525 1825; x_wconf 85' lang='lat' dir='ltr'><strong>indomitam</strong></span> <span class='ocrx_word' id='word_1_106' title='bbox 1564 1774 1773 1825; x_wconf 82' lang='lat' dir='ltr'><strong>audeat</strong></span> 
     </span>
     <span class='ocr_line' id='line_1_25' title="bbox 565 1846 1196 1913; baseline -0.006 -11"><span class='ocrx_word' id='word_1_107' title='bbox 565 1848 868 1903; x_wconf 83' lang='lat' dir='ltr'><strong>Refrenare</strong></span> <span class='ocrx_word' id='word_1_108' title='bbox 904 1846 1196 1913; x_wconf 87' lang='lat' dir='ltr'><strong>licentiam,</strong></span> 
     </span>
     <span class='ocr_line' id='line_1_26' title="bbox 635 1921 2010 1992; baseline 0.002 -17"><span class='ocrx_word' id='word_1_109' title='bbox 635 1922 826 1976; x_wconf 85' lang='lat' dir='ltr'><strong>Clarus</strong></span> <span class='ocrx_word' id='word_1_110' title='bbox 861 1921 1223 1992; x_wconf 83' lang='lat' dir='ltr'><strong>postgenitis3</strong></span> <span class='ocrx_word' id='word_1_111' title='bbox 1259 1925 1546 1990; x_wconf 87' lang='lat' dir='ltr'><strong>quatenus,</strong></span> <span class='ocrx_word' id='word_1_112' title='bbox 1583 1922 1694 1976; x_wconf 88' lang='lat' dir='ltr'><strong>heu</strong></span> <span class='ocrx_word' id='word_1_113' title='bbox 1729 1923 1911 1981; x_wconf 79' lang='lat' dir='ltr'><strong>nefas!</strong></span> <span class='ocrx_word' id='word_1_114' title='bbox 1959 1940 2010 1978; x_wconf 70' lang='lat' dir='ltr'><strong>ao</strong></span> 
     </span>
     <span class='ocr_line' id='line_1_27' title="bbox 570 1997 1488 2065; baseline -0.001 -13"><span class='ocrx_word' id='word_1_115' title='bbox 570 1999 855 2052; x_wconf 87' lang='lat' dir='ltr'><strong>Virtutem</strong></span> <span class='ocrx_word' id='word_1_116' title='bbox 891 1997 1221 2050; x_wconf 89' lang='lat' dir='ltr'><strong>incolumem</strong></span> <span class='ocrx_word' id='word_1_117' title='bbox 1259 1998 1488 2065; x_wconf 65' lang='lat' dir='ltr'><strong>odimm,</strong></span> 
     </span>
     <span class='ocr_line' id='line_1_28' title="bbox 632 2072 1810 2141; baseline 0.001 -14"><span class='ocrx_word' id='word_1_118' title='bbox 632 2072 915 2127; x_wconf 84' lang='lat' dir='ltr'><strong>Sublatam</strong></span> <span class='ocrx_word' id='word_1_119' title='bbox 954 2090 1023 2126; x_wconf 82' lang='lat' dir='ltr'><strong>ex</strong></span> <span class='ocrx_word' id='word_1_120' title='bbox 1062 2073 1233 2125; x_wconf 88' lang='lat' dir='ltr'><strong>oeulis</strong></span> <span class='ocrx_word' id='word_1_121' title='bbox 1272 2075 1586 2141; x_wconf 83' lang='lat' dir='ltr'><strong>quaerimus</strong></span> <span class='ocrx_word' id='word_1_122' title='bbox 1624 2072 1810 2128; x_wconf 83' lang='lat' dir='ltr'><strong>invidi.</strong></span> 
     </span>
     <span class='ocr_line' id='line_1_29' title="bbox 569 2149 1360 2217; baseline 0 -15"><span class='ocrx_word' id='word_1_123' title='bbox 569 2150 719 2213; x_wconf 81' lang='lat' dir='ltr'><strong>Quid</strong></span> <span class='ocrx_word' id='word_1_124' title='bbox 755 2150 947 2202; x_wconf 88' lang='lat' dir='ltr'><strong>tristes</strong></span> <span class='ocrx_word' id='word_1_125' title='bbox 986 2149 1360 2217; x_wconf 78' lang='lat' dir='ltr'><strong>querimoniae</strong></span> 
     </span>
     <span class='ocr_line' id='line_1_30' title="bbox 634 2224 1682 2293; baseline 0.002 -16"><span class='ocrx_word' id='word_1_126' title='bbox 634 2224 692 2278; x_wconf 72' lang='lat' dir='ltr'><strong>Si</strong></span> <span class='ocrx_word' id='word_1_127' title='bbox 728 2241 835 2277; x_wconf 92' lang='lat' dir='ltr'><strong>non</strong></span> <span class='ocrx_word' id='word_1_128' title='bbox 874 2224 1141 2293; x_wconf 79' lang='lat' dir='ltr'><strong>supplicio</strong></span> <span class='ocrx_word' id='word_1_129' title='bbox 1180 2225 1338 2292; x_wconf 88' lang='lat' dir='ltr'><strong>culpa</strong></span> <span class='ocrx_word' id='word_1_130' title='bbox 1378 2224 1682 2279; x_wconf 68' lang='lat' dir='ltr'><strong>reciditur?</strong></span> 
     </span>
     <span class='ocr_line' id='line_1_31' title="bbox 566 2300 2010 2367; baseline -0.001 -14"><span class='ocrx_word' id='word_1_131' title='bbox 566 2300 712 2365; x_wconf 77' lang='lat' dir='ltr'><strong>Quid</strong></span> <span class='ocrx_word' id='word_1_132' title='bbox 748 2300 897 2367; x_wconf 83' lang='lat' dir='ltr'><strong>leges</strong></span> <span class='ocrx_word' id='word_1_133' title='bbox 935 2301 1053 2353; x_wconf 86' lang='lat' dir='ltr'><strong>sine</strong></span> <span class='ocrx_word' id='word_1_134' title='bbox 1103 2300 1347 2353; x_wconf 90' lang='lat' dir='ltr'><strong>moribus</strong></span> <span class='ocrx_word' id='word_1_135' title='bbox 1957 2319 2010 2359; x_wconf 75' lang='lat'><strong>35</strong></span> 
     </span>
     <span class='ocr_line' id='line_1_32' title="bbox 637 2375 1729 2444; baseline 0.003 -17"><span class='ocrx_word' id='word_1_136' title='bbox 637 2377 827 2428; x_wconf 85' lang='lat' dir='ltr'><strong>Vanae</strong></span> <span class='ocrx_word' id='word_1_137' title='bbox 861 2375 1168 2443; x_wconf 87' lang='lat' dir='ltr'><strong>proficiunt,</strong></span> <span class='ocrx_word' id='word_1_138' title='bbox 1206 2375 1253 2427; x_wconf 87' lang='lat' dir='ltr'><strong>si</strong></span> <span class='ocrx_word' id='word_1_139' title='bbox 1288 2392 1469 2444; x_wconf 88' lang='lat' dir='ltr'><strong>neque</strong></span> <span class='ocrx_word' id='word_1_140' title='bbox 1503 2376 1729 2431; x_wconf 86' lang='lat' dir='ltr'><strong>fervidis</strong></span> 
     </span>
     <span class='ocr_line' id='line_1_33' title="bbox 577 2450 1257 2506; baseline -0.003 0"><span class='ocrx_word' id='word_1_141' title='bbox 577 2451 711 2506; x_wconf 74' lang='lat' dir='ltr'><strong>Pars</strong></span> <span class='ocrx_word' id='word_1_142' title='bbox 747 2452 954 2503; x_wconf 88' lang='lat' dir='ltr'><strong>inclusa</strong></span> <span class='ocrx_word' id='word_1_143' title='bbox 988 2450 1257 2504; x_wconf 87' lang='lat' dir='ltr'><strong>caloribus</strong></span> 
     </span>
     <span class='ocr_line' id='line_1_34' title="bbox 634 2526 1717 2580; baseline 0.001 -1"><span class='ocrx_word' id='word_1_144' title='bbox 634 2526 829 2579; x_wconf 87' lang='lat' dir='ltr'><strong>Mundi</strong></span> <span class='ocrx_word' id='word_1_145' title='bbox 862 2542 964 2579; x_wconf 89' lang='lat' dir='ltr'><strong>nec</strong></span> <span class='ocrx_word' id='word_1_146' title='bbox 1000 2526 1212 2579; x_wconf 87' lang='lat' dir='ltr'><strong>Boreae</strong></span> <span class='ocrx_word' id='word_1_147' title='bbox 1248 2526 1537 2580; x_wconf 85' lang='lat' dir='ltr'><strong>finitimum</strong></span> <span class='ocrx_word' id='word_1_148' title='bbox 1573 2528 1717 2580; x_wconf 83' lang='lat' dir='ltr'><strong>latus</strong></span> 
     </span>
     <span class='ocr_line' id='line_1_35' title="bbox 568 2602 1256 2670; baseline -0.004 -14"><span class='ocrx_word' id='word_1_149' title='bbox 568 2604 919 2670; x_wconf 84' lang='lat' dir='ltr'><strong>Durataeque</strong></span> <span class='ocrx_word' id='word_1_150' title='bbox 956 2602 1068 2655; x_wconf 87' lang='lat' dir='ltr'><strong>solo</strong></span> <span class='ocrx_word' id='word_1_151' title='bbox 1102 2602 1256 2655; x_wconf 87' lang='lat' dir='ltr'><strong>nives</strong></span> 
     </span>
     <span class='ocr_line' id='line_1_36' title="bbox 635 2677 2008 2745; baseline 0.001 -14"><span class='ocrx_word' id='word_1_152' title='bbox 635 2678 999 2732; x_wconf 76' lang='lat' dir='ltr'><strong>Mercator-em</strong></span> <span class='ocrx_word' id='word_1_153' title='bbox 1020 2677 1276 2745; x_wconf 78' lang='lat' dir='ltr'><strong>abigunt,</strong></span> <span class='ocrx_word' id='word_1_154' title='bbox 1313 2678 1536 2732; x_wconf 82' lang='lat' dir='ltr'><strong>horrida</strong></span> <span class='ocrx_word' id='word_1_155' title='bbox 1570 2677 1753 2732; x_wconf 85' lang='lat' dir='ltr'><strong>callidi</strong></span> <span class='ocrx_word' id='word_1_156' title='bbox 1956 2696 2008 2733; x_wconf 73' lang='grc' dir='ltr'><strong>ιο</strong></span> 
     </span>
     <span class='ocr_line' id='line_1_37' title="bbox 571 2753 1356 2822; baseline 0 -15"><span class='ocrx_word' id='word_1_157' title='bbox 571 2754 817 2807; x_wconf 89' lang='lat' dir='ltr'><strong>Vincunt</strong></span> <span class='ocrx_word' id='word_1_158' title='bbox 853 2769 1090 2821; x_wconf 89' lang='lat' dir='ltr'><strong>aequora</strong></span> <span class='ocrx_word' id='word_1_159' title='bbox 1124 2753 1356 2822; x_wconf 85' lang='lat' dir='ltr'><strong>navitae,</strong></span> 
     </span>
     <span class='ocr_line' id='line_1_38' title="bbox 634 2827 1796 2898; baseline 0.002 -16"><span class='ocrx_word' id='word_1_160' title='bbox 634 2829 895 2897; x_wconf 81' lang='lat' dir='ltr'><strong>Magnum</strong></span> <span class='ocrx_word' id='word_1_161' title='bbox 930 2829 1219 2897; x_wconf 84' lang='lat' dir='ltr'><strong>pauperies</strong></span> <span class='ocrx_word' id='word_1_162' title='bbox 1255 2829 1603 2898; x_wconf 83' lang='lat' dir='ltr'><strong>opprobrium</strong></span> <span class='ocrx_word' id='word_1_163' title='bbox 1628 2827 1796 2897; x_wconf 81' lang='lat' dir='ltr'><strong>jubet</strong></span> 
     </span>
     <span class='ocr_line' id='line_1_39' title="bbox 568 2905 1363 2972; baseline 0 -14"><span class='ocrx_word' id='word_1_164' title='bbox 568 2905 797 2969; x_wconf 84' lang='lat' dir='ltr'><strong>Quidvis</strong></span> <span class='ocrx_word' id='word_1_165' title='bbox 833 2909 890 2959; x_wconf 91' lang='lat' dir='ltr'><strong>et</strong></span> <span class='ocrx_word' id='word_1_166' title='bbox 925 2905 1103 2957; x_wconf 87' lang='lat' dir='ltr'><strong>facere</strong></span> <span class='ocrx_word' id='word_1_167' title='bbox 1139 2907 1198 2956; x_wconf 89' lang='lat' dir='ltr'><strong>et</strong></span> <span class='ocrx_word' id='word_1_168' title='bbox 1232 2905 1363 2972; x_wconf 87' lang='lat' dir='ltr'><strong>pati,</strong></span> 
     </span>
     <span class='ocr_line' id='line_1_40' title="bbox 636 2978 1690 3047; baseline 0.003 -16"><span class='ocrx_word' id='word_1_169' title='bbox 636 2981 987 3047; x_wconf 86' lang='lat' dir='ltr'><strong>Virtutisque</strong></span> <span class='ocrx_word' id='word_1_170' title='bbox 1023 2979 1167 3030; x_wconf 78' lang='lat' dir='ltr'><strong>viam</strong></span> <span class='ocrx_word' id='word_1_171' title='bbox 1204 2979 1408 3033; x_wconf 85' lang='lat' dir='ltr'><strong>deserit</strong></span> <span class='ocrx_word' id='word_1_172' title='bbox 1444 2978 1690 3034; x_wconf 66' lang='lat' dir='ltr'><strong>arduae?</strong></span> 
     </span>
     <span class='ocr_line' id='line_1_41' title="bbox 568 3053 1999 3121; baseline 0.002 -15"><span class='ocrx_word' id='word_1_173' title='bbox 568 3054 675 3107; x_wconf 92' lang='lat' dir='ltr'><strong>Vel</strong></span> <span class='ocrx_word' id='word_1_174' title='bbox 709 3071 807 3106; x_wconf 86' lang='lat' dir='ltr'><strong>nos</strong></span> <span class='ocrx_word' id='word_1_175' title='bbox 841 3056 898 3106; x_wconf 86' lang='lat' dir='ltr'><strong>in</strong></span> <span class='ocrx_word' id='word_1_176' title='bbox 936 3053 1263 3121; x_wconf 84' lang='lat' dir='ltr'><strong>Capitolium</strong></span> <span class='ocrx_word' id='word_1_177' title='bbox 1951 3069 1999 3109; x_wconf 74' lang='lat'><strong>45</strong></span> 
     </span>
     <span class='ocr_line' id='line_1_42' title="bbox 640 3127 1831 3199; baseline 0.003 -21"><span class='ocrx_word' id='word_1_178' title='bbox 640 3127 758 3191; x_wconf 77' lang='lat' dir='ltr'><strong>Quo</strong></span> <span class='ocrx_word' id='word_1_179' title='bbox 793 3127 994 3180; x_wconf 84' lang='lat' dir='ltr'><strong>elamor</strong></span> <span class='ocrx_word' id='word_1_180' title='bbox 1028 3130 1186 3180; x_wconf 81' lang='lat' dir='ltr'><strong>vocat</strong></span> <span class='ocrx_word' id='word_1_181' title='bbox 1222 3130 1281 3180; x_wconf 87' lang='lat' dir='ltr'><strong>et</strong></span> <span class='ocrx_word' id='word_1_182' title='bbox 1316 3128 1481 3182; x_wconf 87' lang='lat' dir='ltr'><strong>turba</strong></span> <span class='ocrx_word' id='word_1_183' title='bbox 1512 3128 1831 3199; x_wconf 85' lang='lat' dir='ltr'><strong>faventium,</strong></span> 
     </span>
    </p>
   </div>
   <div class='ocr_carea' id='block_1_4' title="bbox 2145 1694 2177 1747">
    <p class='ocr_par' dir='ltr' id='par_1_4' title="bbox 2145 1694 2177 1747">
     <span class='ocr_line' id='line_1_43' title="bbox 2145 1694 2177 1747; textangle 90"><span class='ocrx_word' id='word_1_184' title='bbox 2145 1694 2177 1747; x_wconf 61' lang='lat' dir='ltr'><strong>a!</strong></span> 
     </span>
    </p>
   </div>
   <div class='ocr_carea' id='block_1_5' title="bbox 2175 1907 2180 2427">
    <p class='ocr_par' dir='ltr' id='par_1_5' title="bbox 2175 1907 2180 2427">
     <span class='ocr_line' id='line_1_44' title="bbox 2175 1907 2180 2427; baseline 0 0"><span class='ocrx_word' id='word_1_185' title='bbox 2175 1907 2180 2427; x_wconf 95' lang='lat' dir='ltr'><strong> </strong></span> 
     </span>
    </p>
   </div>
  </div>
 </body>
</html>
