2217 3559
321 97 412 146 194
871 99 1181 152 HORATII
1216 104 1477 154 FLACCI

318 176 451 231 Post
484 176 621 232 haec
654 178 747 233 ille
782 184 937 234 catus
972 185 1323 251 quantumvis
1345 186 1612 240 rusticus:
1648 185 1796 251 “Ibit,

317 251 435 306 Ibit
469 270 535 306 eo
571 269 679 321 quo
713 255 797 308 vis
831 257 924 324 qui
961 274 1153 311 zonam
1187 259 1484 328 perdidit,”
1520 260 1702 329 inquit.
1949 276 1993 318 ιο

319 327 525 382 Romae
559 330 760 383 nutriri
795 331 930 384 mihi
965 334 1211 401 contigit,
1247 340 1416 404 atque
1451 333 1636 389 doceri

321 404 505 457 Iratus
541 404 721 459 Graiis
757 410 1022 475 quantum
1057 410 1333 463 nocuisset
1370 410 1634 466 Achilles.

320 479 594 545 Adjecere
628 480 801 534 bonae
836 484 998 552 paulo
1034 484 1157 552 plus
1193 485 1330 538 artis
1367 485 1639 550 Athenae,

320 553 539 609 Scilicet
573 560 636 609 ut
670 557 864 611 vellem
901 575 1064 613 curvo
1100 560 1422 626 dignoscere
1457 565 1685 628 rectum,

325 632 509 700 Atque
544 631 690 685 inter
724 633 887 687 silvas
924 635 1194 688 Academi
1231 653 1496 704 quaerere
1532 653 1731 691 verum.
1957 651 1999 690 4⁵

320 704 474 761 Dura
509 707 607 761 sed
643 724 894 762 emovere
929 710 1045 763 loco
1077 727 1168 764 me
1204 714 1457 779 tempora
1491 715 1666 781 grate,

321 781 615 851 Civilisque
650 783 845 837 rudem
880 784 1011 838 belli
1047 786 1180 839 tulit
1214 792 1400 841 aestus
1435 787 1493 839 in
1528 804 1680 841 arma

321 856 570 911 Caesaris
607 860 844 927 Augusti
879 877 986 914 non
1021 877 1349 929 responsura
1383 862 1620 916 lacertis

226 941 232 946 ’
320 932 483 987 Unde
518 933 676 988 simul
711 935 949 1002 primum
984 953 1073 990 me
1109 936 1368 991 dimisere
1405 937 1664 1006 Philippi,

319 1007 533 1063 Decisis
568 1010 825 1064 humilem
861 1012 1053 1080 pennis
1087 1012 1412 1081 inopemque
1447 1013 1666 1082 paterni
1960 1024 1999 1064 m

318 1084 393 1139 Et
427 1085 556 1139 laris
592 1089 650 1139 et
683 1086 854 1150 fundi,
890 1092 1187 1156 paupertas
1221 1088 1442 1156 impulit
1476 1089 1676 1156 audaX,

319 1160 401 1215 Ut
435 1178 622 1215 versus
656 1161 919 1215 facerem:
953 1162 1053 1215 sed
1089 1162 1238 1232 quod
1272 1180 1380 1216 non
1416 1163 1511 1216 de
1488 1163 1562 1217 sit
1597 1129 1882 1218 habentem

320 1236 471 1301 Quae
504 1241 765 1305 poterunt
799 1254 1037 1306 unquam
1073 1238 1210 1293 satis
1243 1256 1548 1307 expurgare
1582 1240 1802 1303 cicutae,

318 1311 392 1366 Ni
427 1312 620 1367 melius
657 1312 895 1367 dormire
928 1317 1121 1381 putem
1157 1331 1321 1381 quam
1356 1314 1597 1369 scribere
1632 1315 1851 1368 versus?

319 1387 542 1456 Singula
576 1389 647 1442 de
681 1388 837 1442 nobis
870 1390 996 1442 anni
1032 1390 1371 1459 praedantur
1406 1393 1630 1455 euntes3
1959 1401 2001 1441 55

319 1461 584 1533 Eripuere
610 1463 779 1532 jocos,
817 1481 1085 1530 venerem,
1124 1465 1384 1530 convivia,
1420 1464 1643 1531 ludum;

318 1539 575 1594 Tendunt
609 1543 937 1607 extorquere
971 1543 1255 1609 poemata3
1291 1540 1426 1608 quid
1457 1540 1654 1595 faciam
1689 1540 1803 1594 vis?

317 1615 569 1683 Denique
604 1633 711 1669 non
746 1632 935 1669 omnes
970 1616 1164 1669 eadem
1200 1614 1469 1669 mirantur
1502 1619 1821 1683 amantque:

318 1691 569 1746 Carmine
605 1695 669 1745 tu
701 1690 924 1758 gaudeS,
960 1690 1048 1744 hic
1084 1691 1392 1745 delectatur
1425 1691 1636 1757 iambis,

320 1767 421 1820 Ille
457 1767 674 1821 Bioneis
710 1767 1048 1820 sermonibus
1085 1770 1145 1820 et
1182 1768 1294 1820 sale
1329 1767 1500 1835 nigro,
1957 1779 1996 1818 σο

318 1843 450 1896 Tres
487 1843 618 1896 mihi
653 1842 907 1896 convivae
944 1859 1114 1910 prope
1150 1842 1441 1896 dissentire
1475 1842 1748 1909 videntur,

319 1918 611 1972 Poscentes
645 1918 794 1971 vario
828 1918 1062 1971 multum
1099 1917 1318 1971 diversa
1351 1918 1547 1987 palato.

318 1995 461 2058 Quid
485 1994 650 2048 dem‘l
685 1992 821 2061 quid
842 2010 952 2046 non
977 1992 1137 2046 dem?
1172 1993 1356 2046 renuis
1381 1997 1445 2046 tu
1469 1993 1618 2061 quod
1633 1992 1798 2061 jubet
1820 1992 1963 2056 alten

318 2069 477 2134 Quod
511 2069 656 2137 petis
690 2069 751 2122 id
787 2085 917 2122 sane
955 2071 1041 2121 est
1075 2068 1308 2122 invisum
1347 2068 1673 2137 acidumque
1711 2067 1922 2121 duobus.

317 2146 545 2199 Praeter
579 2148 798 2198 caetera
832 2161 921 2197 me
958 2144 1235 2197 Romaene
1269 2148 1524 2211 poemata
1557 2160 1748 2198 censes
1949 2157 1991 2196 σε

317 2220 567 2278 Scribere
601 2237 759 2289 posse
794 2219 941 2273 inter
974 2224 1061 2273 tot
1096 2236 1254 2272 curas
1292 2223 1486 2287 totque
1522 2218 1770 2273 labores?

318 2297 425 2351 Hic
460 2313 715 2366 sponsum
750 2298 922 2360 vocat,
959 2295 1047 2348 hic
1081 2295 1331 2348 auditum
1369 2295 1571 2362 scripta
1606 2294 1808 2348 relictis

317 2373 583 2427 Omnibus
619 2371 837 2437 officiis;
871 2371 1036 2425 cubat
1070 2369 1159 2423 hic
1195 2370 1251 2422 in
1287 2369 1421 2423 colle
1460 2369 1687 2437 Quirini,

317 2450 427 2504 Hic
461 2453 707 2503 extremo
741 2448 798 2500 in
835 2449 987 2500 Avei.
1007 2449 1127 2513 .2no‚
1164 2445 1423 2499 visendus
1459 2449 1726 2513 uterque;

317 2524 615 2580 Intervalla
649 2522 801 2576 vides
837 2522 1071 2576 humane
1107 2521 1405 2575 commoda.
1475 2520 1684 2574 Verum
1946 2535 1982 2574 7)

317 2601 494 2656 Purae
532 2604 659 2654 sunt
691 2598 922 2668 plateae,
956 2598 1092 2651 nihil
1129 2601 1193 2652 ut
1226 2596 1622 2650 meditantibus
1659 2597 1846 2650 obstet.

316 2676 565 2732 Festinat
598 2674 806 2729 calidus
840 2673 1002 2726 mulis
1037 2674 1351 2741 gerulisque
1387 2672 1719 2740 redemptor,

316 2753 556 2822 Torquet
591 2767 735 2805 nunc
769 2750 1022 2817 lapidem,
1059 2765 1207 2801 nunc
1241 2749 1432 2815 ingens
1472 2748 1721 2801 machina
1756 2749 1950 2816 tignum,

316 2828 514 2882 Tristia
548 2825 787 2880 robustis
825 2826 1102 2877 luctantur
1140 2825 1330 2876 funera
1363 2824 1638 2891 plaustris,

318 2904 439 2958 Ilac
474 2903 688 2957 rabiosa
720 2901 865 2967 fugit
899 2900 1058 2966 caniS,
1096 2900 1199 2952 hac
1234 2899 1505 2952 lutulenta
1539 2901 1653 2953 ruit
1689 2916 1801 2953 3ιι3.
1938 2912 1976 2953 7⁵

318 2979 345 3032 I
385 2994 524 3031 nunc
559 2979 619 3029 et
653 2990 842 3027 versus
876 2977 1059 3027 tecum
1095 2973 1365 3026 meditare
1400 2990 1638 3028 canoros.

318 3053 652 3119 Scriptorum
688 3048 882 3100 chorus
918 3049 1090 3100 omnis
1127 3051 1275 3100 amat
1309 3064 1504 3101 nemus
1540 3054 1600 3102 et
1633 3050 1774 3116 fugit
1801 2977 1972 3115 urbem,

319 3125 448 3178 Rite
484 3124 650 3176 cliens
689 3122 886 3200 Bacclii
922 3137 1107 3173 somno
1142 3122 1433 3188 gaudentis
1470 3126 1528 3176 et
1564 3124 1781 3179 umbra:

2099 251 2156 264 ,4-

2120 1696 2163 1729 ἴα

2155 1927 2156 1930 Α
2143 1743 2160 1872 --.“

2109 2803 2149 3497 mybss—..ss
