2217 3559
290 120 350 167 30

842 114 1152 164 HORATII
1186 112 1452 161 FLAOOI

1089 262 1190 316 vl.
2155 259 2181 335 g

560 349 810 414 Sem-un,
849 345 1031 400 Gades
1067 346 1286 399 aditure
1321 362 1534 400 mecum
1569 355 1629 403 et

562 423 898 478 Cantabrum
933 421 1214 475 indoctum
1245 420 1384 488 juga
1418 422 1564 475 ferre
1598 424 1787 476 nostra
1820 425 1881 477 et

561 500 833 554 Barbaras
870 498 1058 567 Syrtes
1094 497 1191 550 ubi
1205 504 1213 509 ’
1227 497 1423 550 Maura
1458 514 1673 566 semper

632 575 870 628 Aestuat
907 574 1067 638 unda,

560 650 733 705 Tibur
770 651 955 718 Argeo
990 650 1230 718 positum
1265 649 1451 702 colono
1982 666 2012 707 σ

563 727 650 780 Sit
685 742 838 779 meae
874 725 1033 779 sedes
1068 725 1280 778 utinam
1317 728 1580 791 senectae,

561 803 647 857 Sit
680 802 877 855 modus
912 801 1052 854 lasso
1087 801 1256 854 maris
1292 804 1349 853 ct
1384 800 1590 853 viarum

627 878 977 944 Militiaeque
1000 880 1011 930 ἱ

561 953 726 1008 Unde
762 952 808 1004 si
847 952 1051 1004 Parcae
1086 950 1382 1019 prohibent
1416 950 1649 1018 iniquae,

563 1028 737 1082 Dulce
771 1027 974 1095 pellitis
1011 1026 1201 1079 ovibus
1239 1025 1455 1079 Galaesi
1964 1041 2012 1081 ιο

564 1105 797 1159 Flumen
832 1106 891 1156 ct
925 1105 1154 1169 regnata
1188 1105 1373 1169 petam
1411 1100 1609 1154 Laconi

636 1182 787 1233 Rura
825 1178 1146 1232 Phalantho,

566 1257 670 1311 Ille
705 1260 977 1310 terrarum
1014 1254 1146 1306 mihi
1183 1256 1406 1320 praeter
1440 1268 1624 1305 omne.

570 1333 821 1400 Angulus
856 1330 1004 1384 ridet
1039 1329 1138 1382 ubi
1173 1345 1279 1381 non
1319 1328 1584 1397 Hymetto

566 1409 735 1463 Mella
770 1406 1046 1461 decedunt
1079 1404 1352 1473 viridique
1388 1406 1567 1457 certat
1968 1418 2014 1458 15

639 1485 814 1537 Bacca
850 1481 1128 1546 Venafr03

567 1561 684 1614 Ver
717 1559 812 1612 ubi
845 1559 1069 1625 longum
1104 1556 1432 1624 tepidasque
1467 1556 1697 1623 praebet

564 1636 828 1705 Juppiter
862 1634 1097 1699 brumas,
1138 1635 1196 1685 et
1231 1631 1435 1683 amicus
1474 1630 1655 1683 Aulon

570 1712 762 1767 Fertili
799 1708 1013 1764 Baccho
1049 1707 1333 1760 minimum
1370 1705 1616 1759 Falernis

640 1786 862 1840 Invidet
897 1785 1029 1837 uvis.
1959 1794 2013 1835 ω

570 1863 674 1918 Ille
709 1865 768 1915 te
804 1877 1016 1913 mecum
1050 1859 1202 1912 locus
1235 1860 1294 1912 et
1328 1856 1523 1910 beatae

570 1936 861 1994 Postulant
895 1952 1082 1999 arces3
1117 1934 1195 1987 ibi
1232 1937 1296 1987 tu
1330 1933 1597 1986 calentem

571 2012 775 2070 Debita
811 2027 1032 2078 sparges
1066 2010 1291 2063 lacrima
1325 2007 1566 2061 favillam

647 2088 804 2142 Vatis
839 2086 1011 2140 amici.

1084 2227 1223 2280 VII.
2177 2267 2178 2284 ¹

573 2315 621 2368 O
659 2330 832 2367 SAEPE
866 2326 1079 2364 mecum
1115 2322 1334 2375 tempus
1370 2306 1426 2358 in
1461 2305 1716 2359 ultimum

1976 2617 2008 2660 δ

2163 1757 2178 1786 -Ι
2160 1669 2181 1754 ⁴⁸31„

575 2390 840 2454 Deducte,
880 2386 1053 2439 Bruto
1089 2383 1318 2436 militiae
1353 2381 1507 2448 duce,

643 2465 779 2529 Quis
815 2467 873 2516 te
907 2461 1197 2513 redonavit
1234 2457 1506 2522 Quiritem

713 2540 814 2592 Dis
846 2536 1042 2605 patriis
1081 2535 1334 2602 Italoque
1369 2532 1530 2595 caele,

577 2614 802 2683 Pompei
838 2628 1085 2665 meorum
1122 2610 1297 2678 prime
1336 2608 1615 2673 sodalium,

575 2693 716 2745 Cum
752 2705 861 2759 quo
896 2690 1200 2740 morantem
1238 2701 1399 2753 saepe
1436 2683 1582 2735 diem
1619 2698 1769 2734 mero

646 2765 814 2832 Fregi
850 2766 1138 2817 coronatus
1173 2760 1413 2813 nitentes

714 2838 1061 2894 Malobathro
1098 2836 1252 2903 Syrio
1288 2834 1544 2902 capillos?

574 2921 778 2973 Tecum
817 2914 1094 2982 Philippos
1128 2915 1186 2964 et
1220 2911 1451 2964 celerem
1487 2909 1673 2976 fugam

576 2993 732 3050 Sensi
770 2991 961 3044 relicta
993 3004 1099 3039 non
1135 2986 1275 3038 bene
1309 2984 1571 3052 parmula,
1958 2992 2004 3035 lo

650 3067 790 3120 Cum
824 3065 998 3116 fracta
1031 3062 1207 3113 virtus
1241 3063 1299 3113 ct
1334 3059 1572 3112 minaces

719 3139 902 3209 Turpe
937 3136 1109 3191 solum
1144 3134 1381 3203 tetigere
1416 3136 1610 3195 mento.
