2217 3559
822 100 1235 150 CARMINUM
1271 100 1314 148 Ι.
1355 102 1397 148 3.
1483 165 1494 180 ·
1931 101 1961 145 3

466 184 596 238 Sive
632 187 697 237 tu
733 182 917 247 mavis,
954 178 1189 249 Erycina
1222 179 1424 247 ridens,

469 259 645 322 Quam
679 256 850 311 Jocus
886 257 1088 310 circum
1123 256 1271 310 volat
1305 259 1364 308 et
1401 255 1645 323 Cupidm

467 334 594 388 Sive
628 332 940 402 neglectum
975 348 1148 400 genus
1184 335 1244 386 et
1278 333 1507 398 nepotes
1929 347 1977 388 ³5

676 409 924 477 Respicis
960 410 1165 474 auctor,

469 485 600 538 Heu
634 485 796 538 nimis
831 485 989 551 longo
1027 484 1226 536 satiate
1261 481 1405 548 lude,

467 561 644 624 Quem
672 559 834 627 juvat
869 559 1072 612 clamor
1102 559 1404 627 galeaeque
1440 558 1584 611 lcves

471 638 619 690 Acer
653 639 712 689 et
748 636 929 688 Mauri
965 634 1172 702 peditis
1206 637 1493 687 cruentum

676 711 881 764 Vultus
916 711 973 762 in
1007 710 1219 763 hostem
1243 730 1255 773 ;
1928 727 1975 764 40

466 786 595 841 Sive
631 790 844 840 mutata
871 785 1135 853 juvenem
1172 786 1347 853 figura

469 861 606 915 Ales
641 863 698 914 in
734 862 899 915 terris
934 861 1181 927 imitariS,
1218 861 1392 913 almae

470 937 642 990 Filius
677 937 876 1001 Maiae,
911 937 1131 1004 patiens
1167 936 1346 989 vocari

677 1012 927 1066 Caesaris
961 1012 1139 1064 ultor:

465 1088 633 1141 Serus
668 1088 725 1140 in
761 1088 968 1141 caelum
1005 1087 1200 1139 redeas
1236 1086 1440 1154 diuque
1926 1101 1970 1139 4⁵

469 1163 674 1217 Laetus
709 1163 932 1215 intersis
966 1162 1166 1230 populo
1204 1161 1453 1227 Quirini3

394 1243 409 1256 ³
468 1237 622 1292 Neve
656 1241 715 1291 te
748 1238 952 1290 nostris
987 1237 1135 1290 vitiis
1172 1237 1416 1305 iniquum

677 1314 840 1367 Ocior
873 1331 1009 1366 aura

466 1389 677 1444 Tollat:
714 1389 803 1441 hic
836 1405 1061 1454 magnos
1097 1390 1282 1456 potius
1314 1389 1637 1457 triumphos,

473 1465 580 1516 Hic
613 1480 763 1517 ames
801 1464 908 1517 dici
943 1467 1105 1531 pater
1141 1468 1308 1531 atque
1343 1464 1613 1532 princePS‚
1924 1478 1970 1519 σο

470 1538 593 1593 Neu
630 1540 775 1592 sinas
810 1539 1008 1591 Medos
1045 1539 1294 1607 equitare
1329 1538 1531 1591 inultos

675 1615 750 1668 Te
788 1614 940 1681 duee,
981 1615 1195 1668 Cacsar.

1058 1756 1173 1830 111,

606 1839 697 1892 S1c
733 1842 791 1893 te
827 1839 955 1892 diva
987 1844 1185 1908 potens
1222 1840 1400 1908 Cypri,

536 1913 626 1967 Sic
660 1915 862 1968 fratres
900 1915 1149 1969 Helenae
1183 1915 1365 1968 lucida
1400 1915 1595 1982 sidera,

607 1990 1025 2058 Ventorumque
1061 1995 1217 2058 regat
1252 1995 1425 2058 pater,

540 2064 839 2119 Obstrictis
874 2066 995 2119 aliis
1027 2070 1253 2134 praeter
1291 2067 1525 2134 Iapyga:

605 2141 791 2207 Navis,
827 2158 967 2209 quae
1003 2141 1104 2194 tibi
1141 2142 1411 2195 creditum
1943 2158 1970 2197 ε

539 2215 720 2269 Debes
758 2217 1063 2284 Virgilium,
1101 2217 1299 2269 finibus
1339 2218 1542 2271 Atticis

607 2291 833 2344 Reddas
868 2291 1193 2345 incolumem
1230 2309 1437 2360 precor,

540 2366 613 2419 Et
648 2383 830 2419 serves
866 2368 1075 2421 animae
1113 2368 1398 2420 dimidium
1435 2385 1603 2423 meae.

611 2442 699 2494 Illi
733 2442 903 2495 robur
939 2446 997 2496 et
1031 2459 1125 2496 aes
1162 2443 1362 2509 triplex

543 2516 697 2570 Circa
730 2521 923 2585 pectus
958 2522 1078 2571 erat
1115 2518 1208 2586 qui
1247 2518 1493 2586 fragilem
1531 2519 1673 2572 truci
1925 2532 1969 2571 lo

607 2592 891 2646 Commisit
929 2594 1120 2660 pelago
1157 2598 1332 2646 ratem

539 2665 768 2734 Primus,
805 2685 906 2721 nec
943 2668 1124 2721 timuit
1161 2669 1517 2737 praecipitem
1555 2670 1801 2723 Africum

604 2742 991 2795 Decertantcm
1033 2743 1410 2810 Aquilonibu8‚

541 2814 590 2871 N
593 2834 656 2870 cc
693 2818 880 2870 tristes
924 2818 1163 2885 Hyadas,
1200 2836 1298 2872 nec
1334 2819 1540 2873 rabiem
1579 2821 1723 2887 Noti,

606 2893 725 2955 Quo
763 2910 867 2945 non
905 2893 1117 2946 arbiter
1157 2894 1401 2947 Hadriae
1919 2909 1962 2951 ιδ

537 2965 732 3034 Major,
771 2967 961 3020 tollere
1000 2985 1098 3021 seu
1135 2985 1339 3035 ponere
1369 2969 1487 3023 vult
1528 2971 1683 3025 freta.

604 3043 778 3106 Quem
816 3042 1017 3095 Mortis
1053 3043 1236 3105 timuit
1270 3044 1501 3112 gradum

534 3116 639 3181 Qui
675 3117 829 3170 siccis
865 3117 1033 3170 oculis
1070 3123 1314 3172 monstra
1349 3123 1607 3187 natantia,
