2217 3559
237 135 332 182 210
792 131 1102 179 HORATII
1139 133 1399 180 FLACCI

236 213 310 266 Et
344 213 554 266 faciunt
587 228 758 281 prope
792 212 951 278 plura
986 212 1301 266 dolentibus
1337 229 1408 265 cx
1444 216 1641 280 anime,
1679 218 1759 271 sic

238 288 464 342 Derisor
497 304 628 340 vero
664 287 786 355 plus
822 287 1108 341 laudatore
1144 292 1410 352 movetur.

238 362 421 429 Reges
458 361 715 414 dicuntur
748 361 937 413 multis
971 379 1172 431 urgere
1208 362 1421 416 culullis

238 437 312 491 Et
347 441 607 505 torquere
642 453 796 489 mero
833 453 996 504 quem
1032 440 1380 505 perspexisse
1415 438 1685 507 laborant,

239 513 330 565 An
367 513 439 566 sit
474 512 713 565 amicitia
748 512 972 579 dignus:
1008 514 1053 565 si
1090 514 1331 566 carmina
1365 514 1567 568 condes

237 587 530 656 Nunquam
567 591 626 651 te
660 588 853 641 fallant
886 588 1053 641 animi
1092 589 1195 641 sub
1231 590 1392 657 vulpe
1428 590 1679 645 latentes,

239 663 500 727 Quintilio
537 665 583 716 si
619 664 753 732 quid
787 664 1064 732 recitare&
1102 665 1371 733 “Corrige
1406 666 1569 719 sodes

239 739 406 807 Hoe‚''
443 739 638 806 aiebat,
677 740 775 793 “et
810 740 968 793 hoc:’'
1005 740 1201 793 melius
1235 745 1295 793 te
1328 758 1490 809 posse
1526 757 1758 809 negares

237 815 334 869 Bis
368 819 566 885 terque
601 820 890 883 expertum
927 814 1148 882 frustra,
1186 816 1372 869 delere
1401 816 1640 884 jubebat

238 891 310 944 Et
345 892 486 945 male
521 895 766 945 tornatos
801 892 984 944 incudi
1020 892 1260 945 reddere
1297 909 1501 946 versus,

237 966 295 1019 Si
331 967 630 1020 defendere
666 967 925 1020 delictum
962 983 1126 1035 quam
1163 971 1380 1021 vertere
1419 969 1623 1036 malles,

238 1041 462 1096 Nullum
486 1043 632 1095 ultra
655 1042 883 1095 verbum
907 1046 1004 1095 aut
1028 1059 1249 1111 operam
1274 1044 1585 1097 insumebat
1607 1045 1829 1098 inanem

240 1119 382 1181 Quin
418 1120 532 1171 sine
570 1118 721 1171 rivali
759 1123 939 1185 teque
966 1122 1024 1172 et
1061 1122 1160 1172 tua
1196 1119 1343 1172 solus
1379 1136 1605 1173 amares,

237 1193 339 1246 Vir
370 1194 540 1246 bonus
575 1199 633 1246 et
663 1195 905 1261 prudens
936 1210 1126 1247 versus
1158 1195 1532 1263 reprehendet
1562 1197 1784 1265 inerteS,

239 1269 494 1337 Culpabit
528 1269 708 1336 duros,
746 1270 1037 1337 incomptis
1071 1270 1280 1323 adlinet
1315 1274 1498 1323 atrum

238 1345 497 1399 Traverso
532 1346 737 1399 calamo
773 1346 1000 1412 signum,
1037 1345 1325 1399 ambitiosa
1359 1347 1572 1401 recidet

238 1422 581 1487 ornamenta,
619 1437 813 1489 parum
851 1421 1009 1473 claris
1047 1421 1223 1474 lucem
1262 1421 1396 1475 dare
1433 1425 1604 1492 coget,

238 1501 452 1565 Arguct
488 1497 742 1564 ambigue
780 1496 1002 1560 dictum,
1041 1497 1309 1550 mutanda
1345 1498 1577 1565 notabit,

238 1574 363 1627 Fiet
400 1572 780 1635 Aristarchus;
817 1587 925 1623 non
963 1571 1138 1624 dicet:
1176 1572 1330 1625 “Cur
1366 1589 1468 1640 ego
1504 1574 1738 1627 amicum

237 1649 519 1702 Offendam
556 1649 613 1701 in
650 1647 868 1715 nugiw
944 1646 1068 1699 Hae
1102 1663 1280 1715 nugae
1317 1649 1459 1701 seria
1494 1650 1698 1703 ducent

237 1725 304 1777 In
340 1724 480 1777 mala
516 1724 758 1777 derisum
795 1722 963 1774 semel
1003 1727 1405 1792 exceptumque
1440 1725 1678 1778 sinistre.

236 1800 315 1853 Ut
349 1800 491 1852 mala
528 1815 691 1868 quem
731 1797 942 1850 scabies
981 1801 1078 1850 aut
1118 1798 1341 1852 morbus
1377 1800 1563 1868 regius
1606 1805 1765 1868 urget

238 1878 354 1928 Aut
388 1876 654 1927 fanaticus
693 1890 846 1927 error
881 1876 939 1926 et
976 1873 1239 1927 iracunda
1275 1874 1469 1943 Diana,

237 1952 508 2003 Vesanum
546 1950 797 2017 tetigisse
832 1948 1032 2002 tinient
1069 1949 1398 2017 fugiuntque
1433 1954 1654 2018 poetam

236 2025 340 2089 Qui
378 2027 625 2093 sapiunt;
660 2024 872 2093 agitant
906 2024 1062 2093 pueri
1100 2025 1413 2093 incautique
1449 2030 1766 2094 sequuntur.

237 2101 359 2165 Hic,
398 2101 528 2153 duni
565 2101 810 2153 sublimis
846 2116 1035 2153 versus
1071 2104 1322 2153 ructatur
1357 2105 1417 2155 et
1452 2106 1616 2169 errat,

236 2176 295 2230 Si
330 2176 500 2229 veluti
536 2176 757 2228 merulis
793 2176 1039 2228 intentus
1075 2175 1284 2229 decidit
1319 2193 1517 2246 auceps

238 2254 305 2306 In
340 2258 565 2322 puteum
601 2252 895 2319 foveamve,
931 2251 1074 2316 licet,
1114 2252 1510 2320 “Succurrite‚''
1547 2254 1769 2321 longum

237 2330 464 2396 Clamet,
503 2329 606 2381 “Io
643 2329 786 2381 cives
803 2328 844 2381 !’'
881 2344 990 2380 non
1027 2329 1100 2380 sit
1138 2329 1231 2395 qui
1269 2329 1462 2383 tollere
1499 2335 1669 2383 curet.

236 2406 294 2458 Si
330 2408 484 2458 curet
520 2404 644 2472 quis
679 2420 838 2471 opem
875 2403 1021 2457 ferre
1059 2406 1118 2456 et
1158 2404 1451 2458 demittere
1489 2405 1689 2474 funem,

237 2481 386 2545 “Qui
423 2480 526 2533 scis
561 2496 630 2532 an
666 2479 910 2547 prudens
944 2479 1051 2532 huc
1087 2495 1146 2532 se
1180 2479 1475 2548 projecerit
1510 2485 1679 2550 atque

238 2558 454 2611 Servari
489 2555 627 2609 nolit
642 2556 689 2609 2’²
729 2555 924 2620 dicam,
963 2556 1237 2623 Siculique
1272 2560 1470 2623 poeme

238 2632 489 2687 Narrabo
525 2632 824 2684 interitum.
896 2631 1046 2684 Deus
1084 2631 1408 2684 immortalis
1443 2632 1636 2685 haberi

240 2710 383 2762 Dum
407 2709 559 2778 cupit
583 2706 956 2774 EmpedocleS‚
981 2706 1268 2759 ardentem
1290 2707 1524 2774 frigidus
1553 2710 1797 2763 Aetnam

239 2785 471 2839 Insiluit.
543 2784 627 2838 Sit
656 2783 752 2851 jus
786 2782 1056 2851 liceatque
1092 2783 1270 2849 perire
1304 2783 1509 2850 poetis:

240 2862 481 2914 Invitum
517 2861 611 2929 qui
649 2863 832 2912 servat
866 2858 1014 2910 idem
1050 2857 1181 2909 facit
1218 2859 1500 2912 occidenti.

239 2937 290 2987 N
295 2953 355 2988 ec
393 2936 557 2989 semel
593 2934 696 2986 hoc
728 2932 873 2997 fecit,
910 2949 1011 2984 nec
1047 2932 1093 2983 si
1129 2935 1401 2985 retractus
1438 2933 1545 2986 erit
1573 2933 1693 3001 jam

240 3010 367 3062 Fiet
401 3009 558 3062 homo
595 3011 653 3060 et
687 3009 854 3074 ponet
891 3006 1129 3058 famosae
1165 3007 1358 3058 mortis
1393 3024 1651 3062 amorem.

239 3084 289 3136 N
295 3100 356 3137 ec
392 3083 525 3135 satis
558 3085 786 3150 apparet
821 3097 917 3133 cur
950 3096 1140 3133 versus
1175 3081 1407 3150 factitet‚
1443 3088 1631 3137 utrum

239 3157 504 3211 Minxerit
538 3157 595 3208 in
629 3156 838 3221 patrios
872 3155 1097 3219 cinerem,
1135 3171 1204 3207 an
1242 3156 1407 3209 triste
1448 3157 1692 3213 bidental

700 3373 987 3503 ’Δ

1886 457 1962 496 1»”5

1875 1212 1952 1251 445

1871 1588 1941 1626 450

1873 1967 1942 2007 455

1875 2350 1940 2387 460

1872 2724 1937 2763 465

1870 3103 1933 3143 470

2154 3215 2187 3502 ῌΔςεέλ
