2217 3559
211 129 266 177 14
763 123 1071 171 HORATII
1106 123 1370 172 FLACGI

954 274 1182 329 XVIII-

214 358 474 424 Nunmm,
520 358 676 424 Vare‚
715 374 868 412 sacra
903 359 1016 412 vite
1053 360 1209 428 prius
1245 362 1449 415 severis
1484 361 1739 417 arborem

214 434 370 487 Circa
405 434 541 487 mite
577 434 751 487 solum
789 434 1003 488 Tiburis
1037 440 1097 489 et
1134 437 1348 490 moenia
1386 438 1565 492 Catili.

214 509 379 562 Siccis
415 510 595 563 omnia
630 526 753 563 nani
791 509 930 563 dura
965 512 1101 564 deus
1136 513 1437 581 proposuit,
1475 530 1652 581 neque

215 585 504 639 Mordaces
541 586 702 639 aliter
738 585 1032 654 diffugiunt
1067 588 1475 642 sollicitudines,

216 661 350 725 Quis
362 666 488 731 post
503 663 627 715 vina
649 679 870 730 gravem
895 664 1145 717 militiam
1169 668 1266 718 aut
1290 664 1608 732 pauperiem
1633 668 1857 732 crepat?
1899 681 1924 719 ⁵

218 738 353 801 Quis
380 755 487 791 non
517 742 576 791 te
599 739 796 806 potius,
827 739 1036 792 Bacche
1060 743 1236 808 pater,
1261 744 1445 808 teque,
1472 739 1672 793 decens
1698 741 1923 793 Venus?

219 817 298 866 At
332 831 401 867 ne
437 815 561 882 quis
597 815 795 867 modici
834 815 1106 868 transiliat
1140 832 1368 868 munera
1406 815 1595 869 Liberi

218 889 524 943 Centaurea
558 894 747 944 monet
782 906 905 942 cum
942 890 1191 958 Lapithis
1224 892 1344 943 rixa
1381 908 1548 959 super
1582 907 1733 944 mero

216 965 520 1031 Debellata‚
558 970 744 1018 monet
781 965 1044 1018 Sithoniis
1078 983 1185 1018 non
1221 967 1357 1019 levis
1394 967 1581 1034 Euius,

217 1041 356 1095 Cum
392 1041 473 1094 fas
508 1044 674 1110 atque
709 1041 862 1094 nefas
898 1042 1091 1108 exiguo
1128 1043 1236 1095 fine
1271 1041 1563 1095 libidinum
1879 1059 1925 1098 ιο

217 1117 552 1170 Discernunt
587 1117 747 1170 avidi.
821 1117 946 1169 Non
983 1134 1082 1184 ego
1120 1122 1192 1184 te,
1229 1118 1462 1171 candide
1498 1117 1782 1186 Bassareu,

219 1193 461 1246 Invitum
498 1193 755 1260 quatiam,
792 1208 892 1244 nee
927 1193 1090 1245 variis
1126 1192 1303 1246 obsita
1336 1194 1624 1247 frondibus

217 1269 330 1322 Sub
366 1271 555 1323 divum
592 1269 814 1336 rapiam.
886 1267 1059 1320 Saeva
1093 1271 1225 1320 tene
1261 1285 1387 1321 cum
1425 1269 1747 1337 Berecyntio

218 1345 395 1398 Cornu
434 1352 704 1413 tympana,
742 1360 882 1412 quae
918 1343 1271 1411 subsequitur
1305 1361 1500 1398 caecus
1537 1349 1710 1400 Amor
1744 1349 1829 1400 sui

218 1421 290 1474 Et
326 1423 521 1475 tollens
557 1437 786 1473 vacuum
821 1419 944 1490 plus
979 1420 1146 1472 nimio
1184 1421 1368 1475 Gloria
1403 1422 1680 1490 verticem,
1878 1440 1926 1479 15

220 1499 531 1566 Arcanique
569 1495 737 1549 Fides
770 1494 1015 1563 prodiga,
1050 1495 1384 1564 perlucidior
1421 1497 1576 1553 vitre.

989 1641 1150 1697 XIX.

487 1724 699 1778 MATER
742 1740 901 1776 saeva
939 1723 1271 1791 Cupidinum

420 1800 817 1866 Thebanaeque
848 1797 1011 1865 jubet
1046 1816 1135 1851 me
1173 1801 1416 1855 Semeles
1451 1817 1585 1869 puer

489 1875 562 1928 Et
598 1875 796 1927 lasciva
834 1874 1078 1926 Licentia.

422 1950 618 2003 Finitis
653 1951 892 2003 animum
928 1950 1166 2002 reddere
1201 1951 1490 2004 amoribus.

488 2025 618 2079 Urit
652 2042 741 2078 me
778 2025 1040 2093 Glycerae
1077 2027 1227 2078 nitor
1897 2045 1921 2083 5

419 2101 768 2169 Splendentis
806 2100 967 2153 Pario
1002 2117 1272 2153 marmore
1307 2103 1530 2172 purius3

487 2177 615 2229 Urit
649 2180 807 2243 grata
839 2176 1172 2247 protervitas

419 2252 492 2305 Et
527 2251 708 2304 vultus
742 2251 968 2305 nimium
1004 2251 1243 2305 lubricus
1280 2252 1499 2321 adspici.

490 2327 556 2378 In
592 2343 679 2379 me
715 2330 833 2380 tota
866 2343 1031 2380 ruens
1068 2328 1261 2381 Venus

421 2403 655 2471 Cyprum
692 2403 948 2468 deseruit,
985 2420 1088 2456 nec
1124 2405 1332 2471 patitur
1368 2406 1593 2474 Scythas
1881 2432 1927 2469 ιο

491 2480 562 2531 Et
596 2480 766 2532 versis
800 2479 1101 2531 animosum
1139 2481 1295 2548 equis

421 2555 684 2608 Parthum
721 2554 903 2606 dicere
938 2571 1039 2607 nec
1073 2572 1215 2623 quae
1251 2556 1386 2609 nihil
1423 2557 1674 2615 attinent.

491 2631 598 2683 Hic
633 2631 816 2683 vivum
852 2631 985 2682 mihi
1021 2633 1334 2700 caespitem,
1372 2634 1462 2687 hic

421 2706 721 2776 Verbenas‚
757 2707 929 2775 pueri,
967 2709 1154 2776 ponite
1191 2709 1462 2776 thuraque

488 2781 632 2834 Bimi
668 2799 791 2841 cum
825 2787 1016 2849 patera
1051 2785 1215 2838 meri:
1873 2802 1917 2844 ιε

418 2855 664 2912 Mactata
696 2857 882 2910 veniet
915 2857 1090 2910 lenior
1125 2858 1314 2913 hostia.

1002 3000 1128 3053 XX.

422 3078 564 3130 an
598 3079 812 3146 potabis
847 3078 1074 3131 modicis
1112 3080 1371 3136 Sabinum

420 3152 707 3208 Cantharis
745 3153 956 3206 Graeca
990 3153 1139 3222 quod
1173 3170 1274 3222 ego
1308 3157 1426 3223 ipse
1463 3160 1614 3211 testa
