2217 3559
533 370 610 450 Q.
693 369 1199 438 HORATII
1276 367 1701 436 FLAGGI

806 516 1438 588 CARMINUM

935 699 1195 757 LIBER
1236 700 1287 757 Ι.

1088 868 1134 921 Ι.

463 971 781 1027 ΜΑΕοΕΝΑε
816 969 992 1024 atavis
1025 970 1176 1023 edite
1212 968 1434 1037 regibus

465 1047 514 1101 Ο
552 1051 611 1101 et
645 1045 981 1115 praesidium
1017 1049 1076 1099 et
1112 1045 1270 1099 dulce
1305 1045 1471 1099 decus
1506 1060 1702 1112 meum,

461 1123 604 1176 Sunt
639 1138 776 1190 quos
811 1121 1079 1175 curriculo
1115 1120 1394 1189 pulverem
1432 1121 1774 1189 Olympicum

462 1198 763 1266 Collegisse
790 1196 968 1264 juvat,
1005 1200 1264 1264 metaque
1299 1196 1525 1249 fervidis

462 1273 688 1327 Evitata
721 1272 873 1339 rotis»,
907 1271 1198 1340 palmaque
1230 1270 1443 1324 nobilis.

464 1345 762 1402 Terrarum
799 1347 1044 1400 dominos
1081 1346 1264 1400 evehit
1300 1347 1372 1399 ad
1408 1347 1570 1414 DeOS,

462 1423 628 1478 Hunc
664 1423 711 1476 si
746 1421 1025 1476 mobilium
1062 1420 1229 1476 turba
1266 1421 1560 1485 Quiritium

463 1499 658 1553 Certat
694 1498 1011 1566 tergeminis
1047 1497 1241 1550 tollere
1276 1495 1601 1562 honoribus;

466 1574 630 1627 Illum
668 1573 714 1627 si
749 1573 968 1642 proprio
1005 1572 1253 1626 condidit
1288 1572 1483 1624 horreo

465 1649 749 1717 Quidquid
785 1649 856 1703 de
892 1648 1109 1717 Libycis
1145 1647 1384 1701 verritur
1415 1647 1571 1701 areis.

464 1725 811 1780 Gaudentem
846 1724 1056 1792 patrios
1092 1723 1302 1777 findere
1338 1722 1549 1775 sarculo

465 1801 647 1869 Agros
684 1799 944 1853 Attalicis
978 1796 1381 1852 conditionibus

464 1875 764 1944 Nunquam
800 1874 1090 1942 dimoveas,
1126 1878 1192 1927 ut
1226 1872 1384 1927 trabe
1422 1873 1621 1942 Cypria

464 1949 746 2019 Myrtoum
782 1950 1012 2018 pavidus
1047 1953 1216 2003 nauta
1250 1953 1400 2002 secet
1432 1965 1597 2003 mare.

465 2027 791 2080 Luctantem
828 2025 1018 2078 Icariis
1053 2024 1308 2078 fiuctibus
1348 2024 1593 2078 Africum

466 2102 744 2155 Mercator
777 2104 1026 2154 metuens
1063 2100 1234 2153 otium
1272 2104 1329 2154 et
1365 2099 1551 2167 oppidi

466 2176 682 2231 Laudat
716 2193 847 2229 rura
882 2176 995 2241 sui3
1031 2192 1160 2228 mox
1195 2176 1371 2228 reficit
1405 2179 1554 2228 rates

467 2252 704 2316 Quassas
738 2250 985 2304 indocilis
1021 2250 1336 2319 pauperiem
1372 2252 1502 2318 pati.

462 2327 564 2381 Est
600 2327 694 2396 qui
730 2343 830 2379 nec
864 2326 1067 2379 veteris
1101 2325 1294 2393 pocula
1330 2323 1549 2378 Massici

464 2403 515 2457 N
520 2420 582 2457 ec
616 2406 830 2471 partem
869 2401 1040 2455 solido
1077 2402 1299 2455 demere
1335 2401 1405 2454 de
1441 2402 1532 2454 die

463 2478 699 2548 Spernit,
734 2495 874 2531 nunc
911 2477 1072 2530 viridi
1107 2477 1357 2530 membra
1392 2476 1494 2530 sub
1530 2476 1727 2530 arbuto

463 2553 697 2621 Stratus,
734 2570 876 2607 nunc
911 2553 982 2606 ad
1020 2569 1195 2621 aquae
1230 2554 1350 2607 lene
1385 2557 1550 2621 caput
1586 2569 1782 2607 sacrae.

462 2629 669 2683 Multos
706 2633 888 2682 castra
913 2628 1114 2693 juvant
1151 2630 1209 2682 et
1243 2629 1379 2682 lituo
1415 2629 1582 2683 tubae

463 2702 778 2757 Permixtus
814 2704 1021 2757 sonitus
1056 2703 1308 2772 bellaque
1342 2703 1610 2757 matribus

462 2778 768 2834 Detestata.
840 2779 1031 2834 Manet
1067 2780 1169 2833 sub
1206 2781 1346 2833 Jove
1381 2780 1581 2847 frigido

459 2853 707 2910 Venator
741 2860 968 2910 tenerae
1003 2856 1250 2924 conjugis
1285 2857 1583 2925 immemor,

458 2929 571 2984 Seu
605 2931 723 2984 visa
757 2935 844 2985 est
878 2931 1074 2984 catulis
1111 2948 1271 2985 cerva
1306 2931 1575 2998 fidelibus»,

457 3006 566 3060 Seu
603 3007 755 3075 rupit
791 3010 1000 3060 teretes
1038 3007 1257 3060 Marsus
1294 3023 1427 3073 aper
1460 3006 1665 3074 plaga&

458 3082 553 3134 Me
591 3081 877 3135 doctarum
914 3082 1153 3135 hederae
1188 3080 1435 3149 praemia
1470 3081 1734 3135 frontium

457 3154 559 3209 Dis
593 3156 826 3211 miscent
861 3157 1108 3221 superi83
1145 3173 1233 3209 me
1269 3155 1510 3222 gelidum
1547 3172 1741 3210 nemus

1925 1664 1967 1704 10

1924 2038 1967 2078 1⁵
