2217 3559
682 113 1093 163 CARMINUM
1130 111 1230 162 IV.
1272 115 1343 171 10,
1376 114 1452 163 11.

450 196 703 252 Paullum
742 194 990 262 sepultae
1028 192 1203 246 distat
1236 192 1467 247 inertiae

451 272 641 326 Celata
675 271 866 323 virtus,
937 269 987 322 Ν
993 286 1064 321 on
1099 286 1203 337 ego
1236 272 1297 323 te
1331 268 1467 322 meis

520 347 739 401 Chartis
772 346 1083 398 inornatum
1120 343 1307 411 silebo,

588 422 760 474 Totve
794 424 920 474 tuos
954 421 1137 489 patiar
1170 419 1388 474 labores

453 498 700 564 Impune,
739 496 896 562 Lolli,
933 511 1159 563 carpere
1192 495 1390 549 lividas

452 573 780 627 obliviones,
852 572 955 625 Est
989 571 1204 624 animus
1238 570 1342 624 tibi

522 649 841 715 Rerumque
875 646 1121 715 prudens
1157 649 1217 699 et
1252 645 1504 700 secundis

592 723 948 791 Temporibus
984 722 1276 790 dubiisque
1312 726 1509 787 rectuS,

456 800 675 853 Vindex
710 815 905 852 avarae
938 797 1166 865 fraudis,
1204 802 1263 851 et
1298 797 1576 851 abstinens

455 876 723 930 Ducentis
757 874 847 941 ad,
866 890 926 927 se
960 878 1157 927 cuncta
1191 873 1466 942 pecuniae,

525 951 834 1020 Consulque
867 966 977 1003 non
1010 949 1172 1002 unius
1207 948 1333 1003 anni

594 1027 703 1080 Sed
739 1026 953 1095 quoties
987 1025 1163 1078 bonus
1195 1030 1363 1093 atque
1398 1023 1544 1078 fidus

456 1102 495 1156 J
496 1102 644 1155 udex
679 1101 964 1154 honestum
999 1101 1266 1169 praetulit
1299 1099 1440 1168 utili,

458 1177 560 1244 Rej
569 1177 677 1230 ecit
711 1177 823 1230 alto
859 1176 1002 1229 dona
1035 1176 1347 1229 nocentium

525 1253 715 1319 Vultu,
751 1269 851 1320 per
886 1251 1169 1306 obstantes
1206 1256 1455 1306 catervas

593 1328 870 1397 Explicuit
905 1344 1004 1381 sua
1036 1327 1211 1381 victor
1244 1344 1410 1380 arma.

457 1404 581 1459 Non
615 1404 986 1473 possidentem
1020 1403 1196 1456 multa
1229 1404 1507 1459 vocaveris

460 1480 633 1536 Recte
670 1479 925 1534 beatum:
963 1480 1168 1533 rectius
1204 1484 1432 1547 occupat

526 1557 578 1609 N
582 1572 740 1609 omen
776 1554 927 1608 beati
962 1555 1056 1624 qui
1093 1555 1322 1608 deorum
1356 1560 1366 1570 ⁴

596 1630 918 1683 Muneribus
956 1630 1236 1698 sapienter
1270 1630 1353 1682 uti

459 1705 775 1774 Duramque
810 1704 972 1758 callet
1006 1705 1322 1772 pauperiem
1359 1706 1489 1774 pati,

460 1781 735 1850 Pejusque
769 1781 883 1834 leto
918 1780 1186 1847 flagitium
1222 1781 1401 1849 timet,

527 1856 580 1910 N
583 1873 652 1909 ou
687 1856 779 1910 ille
815 1873 916 1924 pro
950 1857 1090 1909 caris
1126 1856 1311 1909 amicis

598 1934 717 1985 Aut
749 1932 931 2001 patria
965 1930 1194 1984 timidus
1228 1931 1422 2000 perire.

1069 2075 1138 2129 X.

324 2161 372 2214 Ο
408 2170 680 2211 ennomus
715 2157 895 2210 adhuc
930 2162 989 2211 et
1024 2158 1260 2210 Veneris
1294 2158 1611 2212 munoribus
1644 2160 1857 2227 potens,

323 2232 613 2301 Insperata
647 2236 777 2286 tuae
814 2249 937 2286 cum
972 2233 1157 2286 veniet
1190 2233 1374 2300 pluma
1409 2233 1710 2301 superbiae,

325 2309 397 2362 Et
432 2324 573 2377 quae
607 2324 749 2362 nunc
785 2308 1026 2361 humeris
1061 2308 1350 2362 involitant
1385 2307 1690 2362 deciderint
1725 2326 1926 2379 comae,

321 2384 370 2437 N
377 2399 483 2436 unc
518 2386 579 2436 et
612 2383 708 2452 qui
743 2382 890 2436 color
924 2387 1011 2437 est
1045 2383 1309 2453 puniceae
1342 2382 1476 2437 floro
1512 2384 1660 2452 prior
1694 2401 1851 2440 rosae

321 2460 574 2513 Mutatus
611 2459 934 2526 Ligurinum
968 2459 1025 2511 in
1061 2459 1254 2511 faciem
1290 2459 1519 2514 verterit
1553 2458 1839 2529 hispidam,

322 2534 491 2588 Dices
526 2534 635 2587 heu
670 2534 923 2603 quotiens
957 2537 1016 2586 te
1054 2533 1272 2601 speculo
1307 2534 1510 2588 videris
1545 2535 1812 2591 altorum:

322 2609 521 2672 “Quae
555 2626 709 2662 mens
745 2613 831 2663 est
864 2608 1042 2676 hodie,
1078 2626 1176 2663 cur
1210 2609 1400 2662 eadem
1435 2626 1543 2662 non
1579 2626 1747 2678 pucro
1781 2611 1928 2668 fuit?

327 2684 432 2742 vel
466 2701 565 2740 cur
597 2684 682 2739 his
709 2684 905 2740 animis
929 2683 1228 2738 incolumes
1261 2701 1369 2739 non
1404 2685 1639 2740 redeunt
1663 2688 1910 2754 ρεπεν

1049 2826 1155 2883 ΧΙ.

534 2909 643 2965 EST
678 2909 811 2962 mihi
846 2926 1046 2962 nonum
1083 2910 1391 2979 superantis
1425 2927 1625 2965 annum

535 2985 738 3041 Plenus
776 2985 977 3039 Albani
1012 2985 1213 3051 cadus3
1248 2990 1334 3040 est
1367 2986 1424 3040 in
1460 2986 1631 3056 hort0,

536 3060 725 3129 Phylli,
760 3060 1043 3114 nectendis
1077 3062 1261 3129 apium
1296 3061 1541 3129 coronis3

604 3136 705 3193 Est
739 3135 974 3192 hederae
1009 3136 1090 3190 vis

1888 109 1951 164 7⁰

1899 1410 1946 1450 ⁴5

1904 1796 1952 1837 80
