2217 3559
247 114 311 160 92

794 111 1106 160 HORATII
1140 109 1402 158 FLACOI

459 191 705 244 Exsncca
738 191 822 243 nti
859 189 1098 242 medulla
1133 191 1192 242 et
1228 187 1444 241 aridum
1472 185 1635 255 jecur

527 267 748 327 Amoris
785 269 930 318 esset
963 263 1232 333 poculum,

464 341 826 393 lutei-minato
862 356 985 392 cum
1023 339 1191 392 semel
1226 339 1367 392 fixae
1402 336 1523 389 cibo

531 415 905 468 intabuissent
939 414 1189 482 pupulae.
1938 425 1998 466 40

460 491 512 545 N
515 508 585 544 on
622 490 859 543 defuisse
897 489 1168 542 masculae
1203 487 1446 542 libidinis

530 566 935 620 Ariminensem
975 565 1181 617 Foliam

465 643 539 696 Et
575 642 748 695 otiosa
783 640 1018 694 credidit
1056 640 1316 708 Neapolis

531 718 607 771 Et
641 732 801 770 omne
838 716 1072 769 vicinum
1109 716 1386 784 oppidum,

464 794 616 857 Quae
652 792 832 845 sidera
868 795 1157 845 excantata
1191 808 1321 845 voce
1360 789 1616 844 Thessala
1914 806 1963 846 45

535 869 850 935 Lunamque
886 866 1032 920 caelo
1069 866 1289 934 deripit.

466 944 574 997 Hic
607 944 925 995 irresectum
964 958 1125 995 saeva
1160 941 1326 993 dente
1361 939 1525 992 livido

534 1018 760 1073 Canidia
793 1018 993 1071 rodens
1027 1016 1274 1085 pollicem

470 1095 616 1159 Quid
650 1095 792 1147 dixit
828 1097 925 1147 aut
961 1093 1094 1162 quid
1130 1093 1341 1146 tacuit?
1416 1089 1504 1143 “O
1542 1088 1705 1143 rebus
1740 1089 1887 1140 mois

534 1171 586 1222 N
589 1187 660 1223 on
693 1170 939 1223 infideles
976 1169 1233 1235 arbitrae,
1259 1222 1270 1232 ‚
1929 1179 1977 1218 5⁰

470 1247 591 1298 Nox
626 1249 685 1299 et
722 1245 896 1298 Diana
931 1262 1071 1313 quae
1107 1244 1383 1296 silentium
1419 1240 1564 1309 regis

538 1324 755 1374 Arcana
790 1337 913 1373 cum
950 1321 1089 1372 fiunt
1128 1336 1295 1383 sacra,

470 1397 518 1450 N
525 1413 643 1462 unc,
678 1412 822 1449 nunc
856 1395 1062 1459 adeste,
1099 1411 1242 1448 nunc
1276 1395 1333 1446 in
1367 1392 1593 1446 hostiles
1627 1390 1821 1445 domos

541 1473 686 1526 Iram
722 1478 889 1540 atque
923 1487 1124 1523 numen
1158 1468 1388 1523 vertite!

472 1547 856 1601 Formidolosis
893 1547 1024 1599 dum
1059 1546 1233 1599 latent
1270 1545 1417 1597 silvis
1451 1544 1605 1597 ferae
1924 1557 1972 1596 55

542 1623 698 1676 Dulci
736 1639 927 1690 sopore
964 1621 1265 1689 languidae,

471 1698 682 1761 Senem,
719 1696 868 1765 quod
902 1712 1089 1748 omnes
1124 1695 1355 1763 rideant,
1391 1693 1701 1747 adulterum

542 1774 768 1825 Latrent
804 1770 1122 1824 Suburanae
1157 1787 1319 1823 canes

474 1850 526 1902 N
530 1848 663 1900 ardo
696 1852 1034 1915 perunctum,
1073 1847 1233 1915 quale
1268 1862 1376 1898 non
1411 1845 1707 1914 perfectius

541 1923 699 1974 Meae
734 1922 1033 1974 laborarint
1067 1938 1342 1974 manus—
1918 1933 1967 1971 ω

472 1997 618 2061 Quid
651 1997 887 2050 accidit?
960 1997 1072 2050 Cur
1107 1998 1228 2049 dira
1262 1996 1529 2049 barbarae
1564 1995 1741 2048 minus

544 2073 767 2124 Venena
802 2070 1031 2124 Medeae
1066 2074 1288 2125 valent?
1603 2073 1610 2081 '

473 2147 682 2210 Quibus
717 2147 1005 2214 superbam
1039 2148 1183 2216 fugit
1218 2148 1335 2200 ulta
1368 2148 1627 2216 pellicem,

541 2221 728 2289 Magni
764 2222 1015 2275 Creontis
1049 2224 1232 2289 filiam,

474 2298 610 2352 Cum
645 2299 801 2366 palla,
835 2297 965 2351 tabo
999 2315 1195 2351 munus
1229 2298 1514 2365 imbutum,
1548 2313 1742 2351 novam
1915 2311 1965 2351 cs

543 2373 804 2426 lucendio
838 2376 1068 2441 nuptam
1104 2374 1346 2427 abstulit.

475 2450 651 2518 Atqui
686 2466 787 2502 nec
820 2448 991 2502 herba
1027 2465 1127 2502 uec
1161 2449 1337 2502 latens
1371 2449 1428 2501 in
1463 2447 1670 2517 asperis

547 2525 726 2578 Radix
759 2523 955 2577 fefellit
989 2541 1078 2577 me
1113 2525 1258 2578 lociS.

474 2601 747 2653 Indormit
781 2600 960 2652 unctis
996 2601 1237 2652 omnium
1272 2599 1543 2654 cubilibus

543 2675 826 2728 Oblivione
861 2674 1203 2742 pellicum.—
1912 2686 1955 2727 το

473 2751 568 2806 Ah
604 2750 706 2802 ah!
746 2749 954 2801 solutus
990 2749 1236 2802 ambulat
1271 2750 1541 2803 veneficae

542 2824 856 2879 scientioris
893 2824 1141 2876 carmine.

474 2901 598 2954 Non
634 2899 865 2965 usitatae,
903 2897 1062 2964 Vare,
1100 2898 1427 2968 potionibus,

544 2976 590 3027 O
628 2974 799 3026 multa
834 2973 1090 3026 fleturum
1127 2978 1307 3040 caput,

477 3050 571 3103 Ad
605 3065 694 3101 me
729 3062 992 3113 recurres,
1027 3063 1128 3099 nec
1162 3052 1353 3100 vocata
1386 3063 1541 3101 mens
1575 3051 1674 3102 tua
1903 3057 1946 3102 ’.Ἰ

543 3121 742 3175 Marsis
775 3120 981 3173 redibit
1015 3120 1264 3175 vocibus:

2144 1678 2185 1753 v.
