2217 3559
268 89 331 135 90

815 90 1089 139 HORATI
1099 93 1123 139 1
1160 90 1422 142 FLACCI

479 166 819 223 Excrc'itatas
854 174 950 224 aut
984 171 1130 237 petit
1166 172 1355 237 Syrtes
1392 171 1553 235 Noto,

546 245 665 297 Aut
698 245 875 298 fertur
909 246 1118 298 incerto
1153 246 1304 298 mari.

475 318 797 386 Capaciores
832 319 964 372 affer
998 321 1120 387 huc,
1153 337 1306 388 puer,
1344 321 1572 390 scyphos

548 395 621 448 Et
656 394 794 449 Chia
827 396 951 449 vina
984 399 1081 450 aut
1118 396 1330 451 Lesbia.

482 469 599 535 Vel,
634 471 783 539 quod
817 470 1076 524 fluentem
1112 488 1370 526 nauseam
1405 477 1667 540 coerceat,

549 545 749 598 Metire
784 545 940 598 nobis
977 547 1314 603 Caecubum:

480 619 681 672 Curam
716 625 1034 690 metumque
1070 622 1319 676 Caesaris
1354 640 1537 676 rerum
1564 623 1732 690 juvat

549 695 710 748 Dulci
745 696 923 762 Lyaeo
957 697 1184 753 solvere.

1091 840 1159 893 X.

481 921 541 975 Μ
545 937 655 977 Ami
689 926 866 977 soluta
898 924 1050 977 navis
1085 924 1202 977 exit
1236 924 1368 978 alite

553 999 756 1052 Ferens
791 1000 1029 1052 olentem
1068 999 1364 1053 Maevium:

482 1074 564 1128 Ut
598 1075 833 1128 horridis
867 1078 1164 1142 utrumque
1201 1075 1459 1128 verberes
1492 1076 1652 1143 latus,

555 1153 774 1217 Auster,
809 1155 1083 1204 memento
1120 1149 1405 1203 fluctibus!

485 1227 657 1294 Niger
690 1226 954 1280 rudentes
991 1226 1172 1278 Eurus
1206 1226 1422 1278 inverso
1457 1225 1595 1278 mari

555 1303 888 1370 Fractosque
922 1318 1103 1354 remos
1141 1301 1391 1364 differat;

487 1378 745 1445 Insurgat
781 1377 984 1445 Aquilo
1017 1380 1257 1444 quantus
1292 1376 1417 1428 altis
1453 1375 1729 1428 montibus

556 1453 783 1520 Frangit
816 1457 1121 1505 trementes
1154 1452 1340 1515 ilices;

488 1528 537 1580 N
544 1546 604 1580 ec
639 1528 793 1581 sidus
829 1522 961 1580 atra
985 1531 1146 1580 nocte
1181 1527 1416 1579 amicum
1449 1528 1714 1593 appareat

557 1604 675 1666 Qua
709 1604 885 1656 tristis
922 1602 1089 1655 Orion
1125 1603 1309 1667 cadit3

484 1678 767 1742 Quietiore
801 1695 902 1731 nec
936 1678 1146 1730 feratur
1180 1693 1417 1746 aequore

556 1755 730 1818 Quam
768 1753 934 1806 Graia
967 1753 1231 1805 victorum
1271 1769 1477 1817 manus,

484 1829 625 1883 Cum
664 1828 842 1881 Pallas
877 1832 1001 1881 usto
1036 1828 1206 1882 vertit
1240 1827 1378 1880 iram
1413 1827 1483 1880 ab
1523 1826 1626 1881 llio

558 1905 624 1956 In
659 1904 880 1972 impiam
919 1907 966 1957 A
968 1903 1108 1971 jacis
1143 1906 1348 1956 ratem!

485 1980 533 2033 O
573 1985 807 2047 quantus
842 1980 1013 2033 instat
1047 1979 1248 2032 navitis
1284 1977 1452 2030 sudor
1486 1977 1610 2041 tui&

556 2055 784 2122 'sibique
818 2055 990 2123 pallor
1024 2053 1208 2106 luteus

486 2131 560 2183 Et
595 2131 687 2183 illa
720 2146 827 2182 non
862 2129 1034 2182 virilis
1069 2128 1296 2194 ejulatio

557 2207 755 2258 Preces
789 2208 848 2257 et
881 2221 1133 2257 aversum
1168 2204 1237 2256 ad
1275 2203 1313 2255 J
1316 2220 1487 2270 ovem,

486 2281 674 2334 Ionius
709 2280 819 2333 udo
855 2297 975 2333 cum
1012 2279 1322 2346 remugiens
1358 2279 1503 2330 sinus

555 2356 701 2409 Noto
735 2356 971 2408 carinam
1006 2356 1246 2422 ruperit!

486 2431 683 2499 Opima
717 2431 912 2499 quodsi
946 2428 1153 2498 praeda
1187 2445 1353 2482 curvo
1388 2429 1576 2481 littore

558 2508 816 2561 Porrecta
850 2523 1063 2573 mergos
1094 2505 1322 2572 juveriS‚

489 2580 835 2647 [libidinosus
871 2580 1237 2634 immolabitur
1271 2596 1430 2646 caper

558 2658 631 2710 Et
666 2652 804 2724 aigua
820 2656 1295 2724 *Tempestatibus

1076 2797 1178 2850 XI.

422 2884 605 2947 PEm,
640 2881 776 2935 nihil
811 2898 899 2934 me
936 2880 1075 2933 sicut
1111 2884 1272 2933 antea
1297 2879 1459 2948 juvat

488 2959 739 3012 Scribere
775 2956 1064 3010 versiculos
1100 2972 1285 3008 amore
1318 2971 1635 3024 percussum
1670 2954 1812 3023 gmvi,

419 3036 626 3088 Amore
661 3034 755 3100 qui
790 3049 879 3084 me
912 3034 1133 3099 praeter
1168 3047 1355 3084 omnes
1390 3030 1602 3098 expetit

487 3106 746 3160 Mollibus
781 3107 836 3158 in
871 3106 1053 3173 pueris
1087 3110 1185 3158 aut
1218 3107 1273 3158 in
1309 3106 1504 3174 puellis
1538 3121 1705 3165 urere.

1938 1615 1978 1653 10

1927 1991 1968 2031 ίδ
