2217 3559
814 119 1224 168 CARMINUM
1259 119 1367 167 ΙΙΙ.
1403 121 1482 166 29.
1939 120 1998 165 67

572 198 939 254 Fastidiosam
974 201 1171 254 desere
1207 199 1417 265 copiam
1452 201 1512 252 et

570 275 773 330 Molem
810 276 1172 344 propinquam
1206 273 1446 326 nubibus
1480 274 1702 340 arduis;
1957 291 2001 329 ιο

641 350 850 403 Omitte
885 351 1073 403 mirari
1107 349 1305 402 beatae

708 425 941 478 Fumum
979 429 1041 479 et
1074 442 1206 493 opes
1242 425 1643 493 strepitumque
1680 424 1897 478 Romae.

572 501 901 570 Plerumque
935 504 1132 568 gratae
1167 499 1433 553 divitibus
1466 500 1627 567 vieeS,

569 577 627 631 M
634 576 924 645 undaeque
958 592 1130 644 parvo
1166 575 1270 627 sub
1304 575 1418 628 lare
1451 591 1752 645 pauperum

638 653 851 706 Coenae
886 652 1004 705 sine
1036 652 1243 706 aulaeis
1278 655 1336 704 et
1370 655 1520 704 ostro
1960 668 2004 706 15

706 727 1000 780 Sollicitam
1036 728 1348 793 explicuere
1381 726 1635 782 frontem.

568 804 695 858 Jam
732 803 909 855 elai-us
943 803 1216 856 oecultum
1257 802 1646 855 Andromedae
1680 810 1839 871 pater

570 878 831 933 Ostendit.
862 879 1061 945 ignem,
1088 878 1211 946 jam
1250 878 1493 945 Procyon
1525 878 1663 932 flu-it

639 955 714 1008 Et
749 954 907 1006 stella
941 955 1127 1007 vesani
1165 953 1380 1017 Leonis

707 1030 833 1083 Sole
867 1029 986 1082 dies
1018 1030 1297 1084 referente
1332 1030 1533 1085 siccos:
1955 1049 2004 1086 20

567 1105 609 1160 J
609 1122 694 1158 am
731 1109 923 1173 pastor
955 1105 1183 1158 umbras
1215 1122 1339 1159 eum
1373 1123 1541 1174 grege
1573 1106 1838 1175 languido

568 1181 879 1249 Rivumque
913 1180 1091 1233 fessus
1126 1182 1346 1249 quaerit
1378 1186 1438 1234 et
1472 1184 1681 1237 horridi

637 1256 880 1310 Dumeta
915 1255 1137 1323 Silvani,
1174 1262 1435 1325 caretque

706 1332 850 1399 Ripa
885 1332 1039 1399 vagis
1072 1333 1348 1385 taciturna
1383 1333 1574 1388 ventis,

567 1407 651 1461 'l'u
683 1408 963 1461 civitatem
998 1408 1123 1475 quis
1157 1406 1351 1461 deceat
1385 1412 1566 1461 status
1951 1426 1999 1465 2⁵

568 1482 754 1547 Caras»,
790 1486 851 1535 et
885 1482 1028 1535 Urbi
1063 1481 1326 1535 sollicitus
1358 1483 1523 1535 times

636 1558 782 1622 Quid
818 1558 978 1611 Seres
1012 1560 1072 1610 et
1105 1563 1337 1624 regnata.
1372 1558 1514 1624 Cyro

704 1634 908 1686 Baetra
942 1636 1138 1701 parent
1175 1634 1481 1701 Tanaisque
1518 1633 1741 1690 discors.

569 1708 821 1761 Prudens
851 1708 1024 1761 futuri
1060 1709 1326 1776 temporis
1361 1710 1569 1763 exitum

568 1784 876 1850 caliginosa
909 1787 1071 1837 noete
1104 1785 1308 1851 premit
1342 1783 1495 1851 deus,
1954 1807 2004 1845 30

635 1860 916 1928 Ridetque
951 1860 998 1912 si
1029 1860 1276 1913 mortalis
1301 1860 1451 1914 ultra

708 1936 820 1988 Fas
851 1935 1113 2002 trepidat.
1180 1935 1341 2000 Quod
1376 1937 1538 1990 adest
1571 1944 1850 1994 memento

568 2011 909 2079 Componere
942 2027 1183 2080 aequu33
1216 2016 1406 2064 cetera
1438 2012 1679 2067 fluminis

568 2087 704 2140 Ritu
737 2087 1005 2153 feruntur,
1040 2103 1187 2139 nune
1220 2087 1403 2140 medio
1437 2104 1677 2156 aequore

637 2163 776 2217 Cum
812 2178 945 2230 paee
981 2161 1291 2215 delabentis
1327 2163 1621 2218 Etruscum
1952 2182 2001 2222 35

705 2239 774 2290 In
808 2254 975 2305 mare,
1010 2254 1155 2291 nune
1189 2238 1401 2306 lapides
1432 2239 1630 2293 adesos

566 2314 887 2381 stirpesque
920 2317 1108 2381 raptas
1143 2317 1204 2367 et
1236 2330 1400 2381 pecus
1436 2318 1495 2368 et
1530 2316 1723 2370 domus

567 2390 855 2442 Volventis
888 2405 999 2441 una
1031 2405 1141 2441 non
1179 2389 1295 2442 sine
1328 2389 1599 2445 montium

636 2465 887 2519 Clamore
919 2463 1239 2531 vicinaeque
1271 2464 1456 2532 silvae,

704 2540 843 2593 Cum
877 2539 996 2593 fera
1029 2540 1265 2593 diluvies
1299 2540 1514 2609 quietos
1951 2560 1998 2598 ιο

446 2667 457 2676 ,
567 2615 763 2670 Irritat
796 2632 998 2668 amnes,
1070 2615 1176 2667 Ille
1208 2618 1404 2683 potens
1441 2617 1522 2669 sui

567 2692 880 2761 Laetusque
916 2690 1097 2758 deget,
1125 2690 1214 2742 eui
1247 2689 1377 2744 lieet
1410 2691 1466 2744 in
1503 2692 1648 2746 diem

634 2767 856 2819 Dixisse
890 2765 1057 2819 Vixi:
1091 2781 1212 2818 eras
1246 2766 1334 2820 vel
1369 2777 1492 2820 atra

702 2841 867 2894 Nube
900 2841 1088 2908 polum
1125 2841 1293 2894 Pater
1327 2848 1592 2910 occupato

565 2915 676 2970 Vel
711 2916 824 2970 sole
855 2932 1030 2984 puro;
1062 2932 1173 2968 non
1207 2920 1394 2969 tamen
1427 2917 1646 2971 irritum
1947 2939 1991 2975 4..

565 2991 941 3061 Quodcunque
973 2995 1126 3044 retro
1161 2995 1248 3046 est
1282 2992 1493 3060 efficiet,
1528 3010 1706 3063 neque

633 3066 897 3135 Diffinget
929 3066 1302 3134 infectumque
1337 3068 1537 3122 reddet

705 3142 868 3210 Quod
896 3141 1116 3209 fugiens
1149 3142 1315 3196 semel
1350 3142 1484 3198 hora
1514 3143 1683 3200 vexit.
