2217 3559
284 87 346 134 32

831 83 1139 133 HORATII
1174 84 1437 135 FLACCI

559 165 817 232 Virgines
851 167 1071 232 nuptae,
1107 170 1205 219 tua
1238 184 1309 220 ne
1344 167 1591 222 retardet

629 242 783 294 Aura
819 241 1057 296 maritos·

1086 386 1185 440 IX.

560 468 611 521 N
614 485 685 521 oN
721 484 934 536 semper
968 467 1174 521 imbres
1208 468 1444 523 nubibus
1477 469 1718 538 hispidos

561 544 789 596 Manant
822 544 878 597 in
915 561 1074 611 agros
1109 548 1208 597 aut
1241 561 1391 598 mare
1428 545 1681 613 Caspium

630 619 849 673 Vexant
883 619 1197 688 inaequales
1231 620 1498 688 procellae

697 696 902 763 Usque,
936 712 1036 749 nec
1075 696 1351 749 Armeniis
1385 696 1443 748 in
1477 696 1597 765 oris,

563 772 755 825 Amice
792 772 969 839 Valgi,
1007 774 1120 824 stat
1154 771 1355 839 glacies
1388 772 1536 825 iners

560 847 778 901 Menses
813 844 934 916 per'
947 864 1133 900 omnes
1168 851 1266 901 aut
1303 848 1667 916 Aquilonibus

630 922 901 987 Querceta
937 922 1175 990 Gargani
1209 923 1460 977 laborant

700 1000 773 1066 Et
807 999 949 1053 foliis
984 998 1281 1052 viduantur
1315 999 1464 1053 orni:

560 1074 644 1128 Tu
679 1092 893 1143 semper
928 1091 1091 1141 urges
1126 1074 1399 1128 flebilibus
1432 1075 1607 1128 modis

561 1150 779 1219 Mysten
814 1151 1147 1218 ademptum,
1184 1168 1284 1204 nec
1318 1151 1423 1204 tibi
1462 1152 1706 1219 Vespero

629 1227 901 1295 Surgente
936 1227 1211 1280 decedunt
1245 1243 1456 1280 amores

698 1303 816 1356 Nec
851 1302 1100 1370 rapidum
1137 1302 1380 1370 fugiente
1417 1302 1610 1357 Solem.

564 1378 645 1432 At
678 1395 785 1432 non
820 1383 909 1431 ter
943 1395 1076 1431 aevo
1111 1378 1329 1431 functus
1362 1378 1649 1432 amabilem

564 1452 804 1508 Ploravit
839 1470 1024 1507 omnes
1061 1453 1413 1506 Antilochum
1450 1470 1617 1507 senex,

633 1530 836 1595 AnnOS,
870 1545 971 1582 nec
1004 1528 1280 1596 impubem
1315 1532 1571 1596 parentes

698 1603 917 1656 Troilon
952 1606 1048 1656 aut
1084 1603 1352 1671 Phrygiae
1388 1619 1599 1657 sorores

563 1677 791 1733 Flevere
825 1695 1053 1747 semper.
1125 1678 1326 1732 Desine
1360 1679 1604 1732 mollium

562 1754 804 1807 Tandem
840 1754 1203 1823 querelarum,
1238 1757 1297 1807 et
1330 1754 1512 1822 potius
1546 1771 1685 1809 nova

631 1829 927 1882 Cantemus
963 1823 1204 1897 Augusti
1238 1835 1464 1897 tropaea

701 1904 947 1958 Caesaris
981 1908 1040 1959 et
1072 1905 1312 1973 rigidum
1349 1906 1646 1975 Niphaten,

563 1980 898 2051 Medumque
931 1980 1132 2034 flumen
1166 1981 1422 2049 gentibus
1457 1980 1706 2035 additum

563 2054 739 2110 Victis
773 2056 1009 2108 minores
1043 2056 1259 2110 volvere
1293 2057 1539 2124 vertices,

633 2132 896 2198 Intraque
931 2131 1323 2199 praescriptum
1360 2133 1596 2186 Gelonos

700 2206 925 2273 Exiguis
960 2206 1207 2273 equitare
1242 2208 1456 2276 campis.

1102 2348 1170 2401 X.

564 2433 803 2486 Rncrms
836 2432 1000 2497 viveS‚
1039 2432 1224 2499 Licini,
1260 2448 1438 2499 neque
1473 2431 1644 2484 altum

563 2508 791 2576 Semper
824 2507 1070 2575 urgendo
1105 2524 1298 2575 neque,
1336 2507 1467 2559 dum
1501 2506 1762 2574 procellas

562 2584 771 2638 Cautus
805 2583 1086 2651 horrescis,
1121 2583 1347 2635 nimium
1381 2582 1680 2650 premendo

630 2659 787 2713 Litus
821 2659 1081 2727 iniquum.

562 2736 806 2788 Auream
842 2735 1087 2803 quisquis
1124 2733 1553 2787 mediocritatem

563 2811 758 2879 Diligit
792 2814 947 2864 tutus
982 2813 1134 2863 caret
1169 2809 1398 2862 obsoleti

561 2887 825 2941 Sordibus
860 2885 1008 2952 tecti,
1043 2888 1194 2938 caret
1229 2884 1520 2938 invidenda

633 2962 858 3015 Sobrius
894 2960 1028 3012 aula.

565 3036 792 3103 Saepius
828 3037 1005 3087 ventis
1041 3034 1282 3100 agitatur
1315 3034 1507 3100 ingens

568 3110 736 3163 Pinus
771 3113 829 3163 et
864 3108 1041 3161 celsae
1075 3107 1322 3173 graviore
1356 3123 1487 3161 casu

1950 1167 1998 1207 10

1947 1546 1994 1585 15

1947 3123 1993 3165 10

2147 1650 2177 1770 „²1⁴3
