2217 3559
1591 57 1624 75 δ

830 105 1346 158 EPISTOLARUM
1380 108 1425 158 Ι.
1471 108 1544 159 17.
1946 112 2036 163 179

330 336 607 402 QUAMVIS,
644 338 862 405 Scaeva,
900 338 1035 393 satis
1068 355 1171 407 per
1202 342 1262 392 te
1297 338 1401 392 tibi
1436 337 1691 407 consulis,
1728 341 1788 393 et
1824 339 1932 393 scis

329 414 450 476 Quo
484 415 708 468 tandem
743 419 905 482 paeto
941 414 1136 467 deceat
1170 414 1472 481 majoribus
1510 415 1609 481 uti,

330 488 508 555 Disce,
542 489 820 543 docendus
857 490 1050 557 adhue,
1087 507 1230 559 quae
1265 493 1453 544 censet
1487 490 1765 559 amiculus,
1799 505 1865 547 ut
1899 492 1947 545 si

328 564 539 617 Caecus
574 565 684 618 iter
717 570 1025 619 monstrare
1060 566 1224 631 velit3
1259 570 1448 619 tamen
1487 566 1711 635 adspice
1747 566 1793 620 si
1831 568 1964 636 quid

327 637 404 691 Et
438 655 538 691 nos
574 638 724 707 quod
759 656 916 692 cures
951 642 1232 709 proprium
1267 641 1461 695 fecisse
1499 641 1800 709 loquamur.
2011 656 2035 697 ε

326 712 386 766 Si
422 718 482 767 te
516 718 676 781 grata
711 715 867 783 quies
903 719 961 769 et
995 717 1229 784 primam
1265 732 1487 771 somnus
1523 716 1580 768 in
1616 716 1806 773 horam

326 788 597 857 Delectat,
637 791 683 845 si
719 798 778 844 te
815 791 994 860 pulvis
1031 794 1404 862 strepitusque
1440 796 1700 862 rotarum,

326 864 387 917 Si
423 865 594 919 laedit
630 882 886 935 caupona,
927 867 1285 922 Ferentinum
1322 869 1404 922 ire
1434 867 1671 937 jubeb03
1751 932 1762 942 .

327 940 473 993 Nam
509 958 690 1011 neque
726 942 992 996 divitibus
1028 945 1356 1012 contingunt
1390 943 1592 1012 gaudia
1625 944 1768 1011 solis,

326 1016 378 1068 N
383 1032 446 1069 ec
482 1017 620 1070 vixit
658 1018 799 1072 male
834 1019 930 1087 qui
965 1024 1131 1073 natus
1166 1020 1511 1089 moriensque
1544 1019 1753 1075 fefellit.
1988 1034 2033 1077 ιο

324 1091 386 1144 Si
420 1093 683 1160 prodesse
718 1094 831 1147 tuis
866 1095 1139 1164 pauloque
1175 1095 1465 1164 benignius
1501 1096 1680 1164 ipsum

324 1167 404 1220 Te
440 1171 680 1222 tractare
715 1169 880 1237 voles,
919 1170 1148 1224 accedes
1185 1171 1360 1225 siccus
1394 1171 1468 1224 ad
1502 1175 1739 1230 unctum·

324 1243 354 1268 ‘⁴
372 1242 431 1296 Si
467 1245 766 1312 pranderet
801 1245 920 1298 olus
955 1246 1233 1314 patienter
1268 1246 1492 1318 regibus
1528 1247 1611 1300 uti

324 1317 515 1373 Nollet
553 1320 915 1388 Aristippus.'’
989 1322 1018 1348 “
1036 1321 1095 1375 Si
1132 1322 1299 1376 sciret
1332 1322 1555 1390 regibus
1588 1321 1671 1376 uti

325 1392 629 1448 Fastidiret
662 1395 782 1448 olus
818 1397 911 1464 qui
946 1413 1036 1450 me
1070 1398 1290 1452 notat;''·
1349 1398 1544 1452 Utrius
1581 1398 1776 1451 horum
1984 1411 2028 1451 ιε

326 1468 515 1523 Verba
548 1470 749 1540 probes
784 1476 843 1525 et
877 1472 1022 1526 facta
1042 1473 1210 1538 doce,
1247 1473 1333 1527 vel
1361 1472 1551 1541 junior
1583 1473 1714 1527 audi

323 1545 441 1598 Cur
474 1546 548 1600 sit
585 1547 858 1616 Aristippi
893 1548 1078 1616 potior
1111 1550 1410 1614 sententia;
1443 1565 1679 1617 namque

322 1620 644 1675 Mordaeem
682 1623 941 1691 Cynicum
976 1624 1052 1677 sic
1087 1624 1361 1693 eludebat,
1396 1628 1461 1678 ut
1495 1625 1675 1679 aiunt:

324 1696 601 1750 “Seurror
639 1714 741 1766 ego
776 1699 895 1766 ipse
931 1699 1078 1766 mihi,
1117 1700 1317 1768 populo
1352 1706 1445 1766 tu3
1480 1700 1683 1754 rectius
1717 1698 1820 1754 hoc
1855 1702 1917 1756 et

322 1772 677 1839 Splendidius
701 1774 874 1827 inulto
899 1778 996 1828 est.
1049 1776 1237 1842 Equus
1261 1780 1325 1829 ut
1349 1792 1438 1829 me
1453 1780 1656 1844 portet,
1682 1775 1795 1829 alat
1820 1793 1933 1841 reri,
1979 1795 2026 1832 5²11

321 1847 575 1901 Officium
608 1847 769 1901 facio:
807 1853 872 1902 tu
905 1851 1084 1917 poscis
1121 1851 1249 1904 vilia
1284 1867 1485 1917 rerum,

320 1924 506 1978 Dante
543 1925 720 1978 minor
758 1927 1006 1995 quamvis
1043 1927 1157 1979 fers
1190 1931 1249 1979 te
1287 1926 1488 1979 nullius
1523 1926 1823 1995 egentem.”

318 1999 514 2054 Omnis
552 2002 898 2070 Aristippum
935 2001 1122 2055 decuit
1157 2002 1304 2056 color
1341 2008 1400 2056 et
1439 2007 1615 2056 status
1652 2008 1710 2056 et
1745 2019 1852 2072 res,

317 2076 647 2130 Tentantem
681 2077 905 2144 majora,
943 2079 1058 2131 fere
1093 2078 1477 2146 praesentibus
1512 2094 1761 2146 aequum.

317 2151 527 2206 Contra
563 2169 727 2220 quem
764 2154 967 2221 duplici
1001 2170 1183 2222 panno
1217 2155 1485 2223 patientia
1520 2154 1667 2207 velat
1977 2170 2025 2209 25

317 2227 566 2281 Mirabor
600 2229 745 2281 vitae
783 2230 870 2282 via
905 2230 951 2283 si
987 2246 1249 2283 conversa
1283 2229 1519 2283 decebit.

320 2304 485 2358 Alter
518 2320 853 2373 purpureum
889 2322 992 2357 non
1033 2305 1375 2373 exspectabit
1410 2305 1688 2371 amictum,

317 2379 604 2443 Quidlibet
636 2380 863 2434 indutus
899 2380 1258 2434 celeberrima
1292 2397 1393 2449 pei·
1428 2382 1545 2434 loca
1579 2381 1759 2449 vadet,

318 2455 724 2524 l'ersonamque
759 2456 903 2510 feret
936 2473 1044 2509 non
1080 2457 1434 2510 inconcinnus
1470 2461 1795 2525 utramque3

320 2531 484 2584 Alter
519 2531 699 2585 Mileti
735 2536 947 2586 textam
982 2549 1114 2585 eane
1149 2532 1308 2601 pejus
1343 2536 1402 2586 et
1438 2533 1601 2600 angui
1974 2551 2021 2590 so
2049 2585 2072 2605 .

319 2606 534 2660 vitabit
568 2606 924 2675 chlamydem,
961 2610 1230 2662 morietur
1265 2608 1470 2676 frigore
1507 2609 1553 2662 si
1587 2625 1696 2662 non

316 2682 622 2735 Rettuleris
656 2698 911 2751 pannum.
984 2683 1155 2736 Refer
1191 2687 1250 2737 et
1284 2685 1400 2737 sine
1435 2684 1584 2738 vivat
1619 2685 1857 2753 ineptus.

316 2757 431 2811 Res
464 2775 660 2825 gerere
697 2761 758 2812 et
791 2764 977 2827 captos
1013 2761 1305 2813 ostendere
1340 2760 1548 2814 civibus
1582 2761 1769 2815 hostes

315 2834 565 2901 Attingit
601 2834 794 2887 solium
832 2835 862 2886 2]
873 2836 987 2887 ovis
1023 2840 1081 2888 et
1117 2837 1381 2889 caelestia
1415 2840 1618 2890 tentat:

318 2909 666 2977 Principibus
700 2910 967 2978 placuisse
1004 2910 1137 2962 viris
1173 2927 1279 2963 non
1318 2911 1511 2964 ultima
1544 2912 1663 2965 laus
1697 2915 1797 2967 est.
1976 2914 2023 2951 3⁶*-

317 2984 442 3038 Non
479 2985 650 3037 cuivis
684 2984 890 3037 homini
926 2985 1194 3053 contingit
1230 2986 1386 3039 adire
1424 2987 1762 3041 Corinthum.

314 3060 476 3114 Sedit
513 3061 606 3128 qui
643 3059 831 3113 timuit
863 3076 934 3113 ne
969 3077 1078 3114 non
1117 3061 1449 3115 succederet.
1521 3061 1681 3116 Esto!

316 3135 468 3199 Quid
502 3136 598 3205 qui
631 3134 897 3203 pervenit,
930 3136 1132 3188 fecitne
1168 3135 1430 3189 viriliter?
1505 3136 1679 3204 Atqui

402 3210 459 3255 25
