2217 3559
25 151 149 332 {s

883 105 1314 154 SATIRARUM
1336 102 2031 153 11.2135

305 176 491 246 Quali
525 183 696 250 igitur
728 183 876 237 victu
913 185 1128 252 sapiens
1162 188 1365 250 utetur,
1405 188 1462 237 et
1496 185 1687 238 horum

305 256 534 311 Utrum
568 257 911 313 imitabitur?
988 260 1108 312 Hac
1143 264 1306 326 urget
1342 260 1514 326 lupus,
1541 260 1641 311 hac
1676 257 1837 324 canis,
1863 257 2029 311 aiunt.
2094 267 2099 270 '

305 331 572 386 Mundus
607 334 712 387 erit
749 350 856 402 qua
890 351 996 387 non
1034 335 1274 387 offendat
1311 334 1576 401 sordibuS‚
1610 339 1777 401 atque
1983 347 2030 387 65

310 406 393 460 In
433 410 680 461 neutram
715 413 929 477 partem
967 410 1144 463 cultus
1180 409 1356 462 miser.
1430 409 1538 461 Hic
1573 425 1750 477 neque
1785 408 1970 475 serviS‚

313 483 526 537 Albuti
561 484 704 537 senis
740 485 1002 552 exemp10‚
1039 485 1171 537 dum
1206 484 1391 537 munia
1426 483 1571 537 didit

312 559 532 611 Saevus
567 560 702 623 erit3
739 576 838 612 nec
874 561 951 612 sic
985 564 1050 613 ut
1085 560 1317 627 simplex
1354 560 1595 612 Naevius
1630 563 1849 613 unctam

316 634 579 687 Convivis
602 633 890 702 praebebit
913 651 1109 702 aquam
1128 655 1141 698 ;
1179 635 1369 687 vitium
1393 635 1493 687 hoc
1517 652 1732 704 quoque
1756 652 2027 703 magnum.

316 710 530 778 Accipe
565 726 709 762 nunc
744 711 918 762 victus
953 710 1134 763 tenuis
1170 727 1311 777 quae
1349 714 1661 777 quantaque
1700 727 1882 763 secum
1980 726 2026 764 7)

316 785 553 839 Afferat.
626 785 902 852 Imprimis
937 785 1117 837 valeas
1151 785 1318 839 bene:
1353 802 1480 838 nam
1515 786 1695 838 variae
1732 802 1821 839 res

316 859 406 913 Ut
440 864 670 913 noceant
705 861 908 913 'nomini
931 861 1139 927 ⁴credas
1173 877 1381 913 memor
1414 861 1559 914 illius
1595 877 1751 913 escae
1785 881 1789 887 ·

316 936 477 999 Quae
514 937 743 1004 simplex
779 936 906 988 olim
942 936 1049 989 tibi·
1082 936 1315 1001 sederit3
1352 941 1409 990 at
1445 936 1604 989 simul
1638 937 1773 989 assis

315 1012 609 1065 Miscueris
645 1011 802 1077 elixa,
837 1010 998 1064 simul
1033 1011 1308 1078 conchylia
1341 1011 1534 1079 turdis,
1811 1016 1817 1021 “

314 1086 517 1140 Dulcia
552 1104 611 1141 se
645 1088 703 1140 in
738 1086 903 1139 bilem
938 1091 1158 1140 vertent
1193 1088 1579 1155 stomachoque
1612 1087 1910 1140 tumultum
1978 1102 2025 1141 75

314 1161 498 1215 Lenta.
530 1163 675 1215 feret
710 1163 924 1231 pituita.
997 1161 1171 1214 Vides
1205 1165 1270 1215 ut
1304 1161 1538 1229 pallidus
1575 1163 1750 1215 omnis

314 1237 505 1291 Coena
540 1237 801 1304 desurgat
836 1238 1043 1291 dubia?
1118 1237 1260 1309 Quin
1298 1241 1491 1305 corpus
1526 1242 1778 1291 onustum

314 1313 614 1367 Hesternis
650 1314 798 1366 vitiis
833 1314 1074 1365 animum
1111 1329 1326 1381 quoque
1363 1316 1689 1380 praegravat
1723 1310 1845 1380 un'a,

314 1392 510 1455 Atque
546 1389 716 1455 affigit
751 1388 916 1440 humo
953 1388 1170 1441 divinae
1204 1388 1526 1456 particulam
1562 1404 1741 1440 aurae.

316 1463 487 1516 Alter
521 1464 617 1516 ubi
654 1463 803 1517 dicto
841 1463 1001 1516 citius
1037 1466 1225 1515 curata.
1261 1463 1440 1530 sopori
1975 1481 2022 1518 so

316 1539 572 1592 Membra
607 1539 762 1592 dedit
797 1542 1025 1605 vegetus
1059 1538 1399 1605 praescripta
1434 1537 1507 1591 ad
1540 1538 1723 1591 munia
1759 1541 1947 1605 surgit.

315 1612 429 1665 Hic
463 1617 646 1666 tamen
684 1612 755 1665 ad
791 1612 984 1664 melius
1018 1612 1224 1679 poterit
1254 1616 1627 1666 transcurrere
1661 1614 1949 1682 quondam,

315 1687 445 1741 Sive
480 1687 627 1741 diem
661 1689 862 1741 festum
896 1687 1118 1740 rediens
1153 1688 1439 1740 advexerit
1474 1705 1660 1754 ammS,

315 1763 428 1816 Seu
463 1780 711 1817 recreare
746 1763 892 1815 volet
925 1766 1211 1815 tenuatum
1249 1780 1457 1830 corpus»,
1493 1763 1699 1831 ubique

315 1839 603 1892 Accedent
637 1838 764 1890 anni
800 1842 858 1890 et
892 1839 1121 1891 tractari
1156 1838 1370 1890 mollius
1408 1842 1560 1891 aetas
1971 1856 2021 1895 85

317 1913 599 1967 Imbecilla
632 1914 805 1976 volet3
841 1912 943 1965 tibi
980 1914 1239 1981 quidnam
1275 1914 1499 1967 accedet
1533 1914 1605 1966 ad
1640 1914 1802 1968 istam

316 1989 494 2053 Quam
534 2006 671 2058 puer
706 1994 766 2042 ct
800 1989 1010 2042 validus
1045 1990 1346 2058 praesumis
1382 1989 1678 2056 mollitiem,
1716 2006 1811 2044 seu

316 2065 471 2118 Dura
506 2065 761 2117 valetudo
796 2065 1051 2118 inciderit
1087 2082 1186 2117 seu
1220 2065 1381 2118 tarda
1417 2068 1707 2119 senectus?

316 2140 623 2194 Rancidum
663 2157 854 2208 aprum
889 2141 1098 2209 antiqui
1135 2141 1444 2208 laudabant,
1482 2157 1587 2193 non
1624 2142 1752 2209 quia
1786 2159 1946 2197 nasus

317 2217 437 2268 Illis
471 2216 652 2268 nullus
687 2220 808 2274 erat
844 2215 942 2268 sed
977 2216 1141 2269 credo
1177 2216 1277 2268 hac
1311 2220 1510 2283 mente,
1546 2217 1694 2284 quod
1728 2217 1924 2285 hospes
1968 2234 2016 2272 90

316 2291 549 2345 Tardius
584 2292 878 2344 adveniens
914 2292 1167 2344 vitiatum
1202 2292 1534 2345 commodius
1570 2310 1732 2360 quani

316 2366 605 2435 Integrum
630 2368 770 2419 edax
794 2367 1044 2419 dominus
1070 2371 1425 2421 consumeret.
1497 2368 1615 2420 Hos
1639 2369 1848 2421 utinam
1873 2370 2015 2423 inter

318 2442 532 2495 Heroas
556 2445 744 2494 natum
780 2443 944 2495 tellus
980 2459 1068 2495 me
1103 2442 1280 2510 prima
1315 2443 1562 2497 tulisset!

316 2517 430 2571 Das
465 2518 675 2586 aliquid
708 2519 886 2571 famae
923 2534 1062 2586 quae
1098 2518 1336 2570 carmine
1371 2520 1576 2585 gratior
1610 2535 1797 2573 aurem

317 2595 562 2659 Occupet
596 2593 913 2647 humanam:
947 2594 1182 2660 grandes
1218 2594 1431 2646 rhombi
1465 2595 1791 2662 patinaeque
1969 2613 2015 2651 95

316 2668 537 2721 Grande
570 2668 757 2721 ferunt
791 2686 900 2721 una
934 2684 1055 2721 cum
1094 2670 1291 2721 damno
1327 2669 1593 2736 dedecus;
1627 2670 1771 2724 adde

316 2743 530 2797 Iratum
565 2748 836 2812 patruum,
873 2744 1091 2811 vicinos,
1129 2748 1188 2797 te
1222 2744 1324 2797 tibi
1362 2745 1621 2814 iniquum,

317 2820 388 2877 Et
421 2820 629 2872 frustra.
662 2821 853 2872 mortis
889 2819 1162 2888 cupidum,
1199 2836 1321 2872 cum
1357 2820 1537 2873 decrit
1573 2822 1756 2887 egenti

321 2896 400 2951 As
436 2894 617 2963 laquei
653 2896 905 2963 pretium.
966 2896 995 2921 “
1011 2895 1195 2960 Jure‚’'
1220 2896 1415 2963 inquit,
1442 2897 1468 2922 ‘⁶
1487 2897 1740 2950 Trausius
1775 2898 1897 2952 istis

315 2971 351 3022 J
357 2975 586 3038 urgatur
618 2971 828 3034 verbis3
865 2987 965 3037 ego
998 2970 1283 3037 vectigalia
1317 2987 1512 3037 magna
1950 2991 2013 3029 10⁰

315 3046 660 3114 Divitiasque
695 3046 869 3098 habeo
905 3045 1084 3098 tribus
1120 3046 1325 3113 amplas
1361 3046 1621 3113 regibus?
1697 3048 1840 3114 Ergo

319 3121 479 3187 Quod
514 3126 735 3188 superat
769 3137 877 3173 non
913 3123 999 3174 cst
1032 3120 1227 3174 melius
1263 3137 1371 3189 qno
1406 3122 1676 3176 insumere
1709 3123 1914 3190 possis?
