2217 3559
302 108 363 157 38
801 110 1111 161 HORATII
1147 111 1411 160 FLAOOI

460 193 615 262 Apta
647 192 931 260 quadrigis
966 209 1123 262 equa,
1158 196 1217 246 te
1253 192 1339 246 bis
1377 195 1516 246 Afro

529 268 743 322 Murice
775 269 981 322 tinctae

461 344 730 398 Vostiunt
763 344 952 398 lanae:
985 343 1119 397 mihi
1154 359 1325 413 parva
1357 360 1491 397 rura
1525 346 1583 400 et

462 420 726 489 Spiritum
765 419 964 473 Graiae
997 423 1225 473 tenuem
1264 419 1539 474 Camenae

465 496 637 553 Parca
671 512 779 548 non
817 496 1056 549 mendax
1077 494 1255 554 „dedit
1291 498 1351 549 et
1386 495 1685 562 malignum

532 571 808 641 Spernero
843 572 1052 638 vulgus.

1017 710 1211 767 XVII.

536 796 660 851 cm
693 812 783 849 me
820 792 1059 864 querelis
1094 795 1372 848 exanimas
1408 796 1520 848 tuis
1539 800 1564 849 ‘3

533 871 584 927 N
592 888 654 924 oc
689 871 776 923 dis
809 870 1042 924 amicum
1079 874 1168 923 est
1201 887 1302 924 nec
1335 870 1469 923 mihi
1505 874 1564 924 te
1596 872 1751 939 prius

605 945 793 1013 obire,
829 946 1137 1013 MaecenaS‚
1175 962 1419 999 mearum

675 1021 900 1075 Grande
936 1020 1105 1074 decus
1140 1021 1503 1090 columenque
1537 1038 1734 1075 rerum.

538 1097 631 1152 Ah
665 1101 727 1151 te
759 1113 914 1150 meae
949 1098 995 1149 si
1030 1101 1248 1165 partem
1285 1097 1498 1150 animae
1533 1098 1679 1165 rapit

537 1173 808 1228 Maturior
840 1174 936 1239 vis,
975 1172 1111 1241 quid
1145 1189 1328 1226 moror
1361 1173 1555 1240 altera,

605 1248 727 1303 Nec
759 1264 914 1301 carus
949 1265 1126 1317 aeque
1159 1266 1264 1302 nec
1298 1251 1584 1317 superstes

677 1323 941 1390 Integer?
1013 1323 1119 1377 Ille
1154 1324 1276 1378 dies
1310 1328 1603 1392 utramque

539 1399 721 1452 Ducet
754 1399 982 1452 ruinam.
1053 1399 1179 1452 Non
1216 1416 1320 1467 ego
1354 1400 1632 1467 perfidum

540 1476 669 1529 Dixi
706 1478 1103 1528 sacramentum
1126 1494 1139 1527 ι
1173 1475 1389 1542 ibimuS‚
1408 1474 1626 1548 ‘ibimus

609 1551 904 1619 Utcunque
938 1551 1254 1619 praecedes,
1293 1567 1612 1618 supremum

681 1626 922 1694 Carpere
955 1626 1067 1679 iter
1102 1628 1328 1679 comites
1362 1626 1558 1693 parati.

540 1703 635 1757 Me
669 1718 774 1755 nec
809 1701 1132 1755 Chimaerae
1168 1703 1392 1770 spiritus
1428 1702 1624 1770 igneae

540 1779 676 1842 Nec,
715 1777 761 1829 si
797 1782 1062 1844 resurgat,
1099 1778 1443 1831 centimanus
1480 1778 1625 1846 Gyas

609 1851 853 1907 Divellet
883 1869 1157 1920 unquam:
1194 1853 1273 1906 sic
1305 1853 1519 1921 potenti

679 1927 944 1981 justitiae
977 1927 1348 1997 placitumque
1386 1928 1587 1983 Parcis.

543 2003 656 2057 Seu
690 2002 859 2056 Libra
892 2019 990 2056 seu
1024 2019 1115 2056 me
1154 2004 1403 2071 Scorpios
1439 2003 1673 2072 adspicit

543 2078 949 2133 Formidolosus
983 2095 1115 2148 pars
1147 2079 1437 2133 violentior

611 2153 829 2207 Natalis
864 2153 1043 2220 horae,
1079 2171 1179 2207 seu
1214 2159 1477 2221 tyrannus

684 2229 989 2296 Hesperiae
1027 2230 1390 2298 Capricornus
1425 2230 1623 2298 undae,

551 2304 859 2373 Utrumque
893 2309 1142 2358 nostrum
1177 2305 1484 2359 incredibili
1518 2306 1682 2358 modo

545 2380 834 2435 Consentit
869 2385 1093 2435 astrum.
1163 2380 1243 2434 Te
1279 2381 1436 2435 Jovis
1469 2380 1637 2448 impio

612 2455 809 2508 Tutela
844 2455 1080 2508 Saturno
1115 2457 1394 2524 refulgens

682 2530 898 2598 Eripuit
932 2530 1274 2600 volucrisque
1311 2532 1435 2585 Fati

545 2604 805 2659 Tardavit
839 2605 967 2673 alas,
1004 2622 1129 2659 cum
1163 2605 1396 2675 po'pulus
1432 2610 1694 2675 frequens

544 2682 776 2735 Laetum
812 2681 1047 2735 theatris
1080 2686 1173 2735 ter
1207 2682 1420 2750 crepuit
1456 2699 1673 2736 sonum:

612 2756 708 2810 Me
743 2760 967 2810 truncus
1001 2756 1228 2825 illapsus
1263 2757 1490 2811 cerebro

682 2831 1006 2899 sustulerat,
1043 2834 1150 2885 nisi
1190 2833 1412 2885 Faunus
1446 2834 1614 2887 ictum

542 2906 759 2962 Dextra
791 2907 1041 2974 levasset,
1079 2908 1489 2961 Mercurialium

543 2983 741 3035 Custos
776 2983 1027 3036 virorum.
1099 2982 1361 3036 Reddere
1398 2983 1644 3036 victimas

612 3057 941 3124 Aedemque
976 3055 1211 3108 votivam
1248 3063 1556 3110 memento:

682 3129 798 3182 Nos
832 3129 1090 3182 humilem
1124 3128 1385 3183 feriemus
1422 3148 1631 3198 agnam.

1936 1490 1985 1529 m

1930 1866 1981 1905 15
