2217 3559
213 119 230 164 l
245 118 304 164 32
749 115 1058 163 HORATII
1094 115 1360 165 FLACCI

208 196 491 250 Credebat
526 194 695 262 libris,
732 212 911 264 neque
950 196 995 248 si
1030 196 1179 249 male
1215 200 1457 250 cesscmt
1491 214 1736 266 unquam

207 271 517 325 Decurrens
551 270 674 337 alie,
710 288 888 338 neque
925 272 971 323 si
1008 271 1180 335 bene;
1217 289 1325 340 quo
1363 272 1427 324 fit
1462 276 1527 327 ut
1564 273 1742 326 omnis

207 346 409 401 Votiva
442 350 634 415 pateat
668 348 837 400 veluti
875 347 1154 414 descripta
1187 347 1394 400 tabella

207 422 340 476 Vita
376 423 535 476 senis.
607 423 817 490 Sequor
851 422 1010 489 hunc,
1038 423 1289 475 Lucanus
1327 440 1395 476 an
1434 423 1653 491 Apulus
1689 442 1928 494 anceps:

206 498 350 552 Nam
388 497 701 552 Venusinus
736 502 858 552 arat
893 498 1060 551 finem
1098 497 1201 550 sub
1237 502 1534 567 utrumque
1570 500 1808 568 colonus,
1874 521 1927 559 35

206 574 409 627 Missus
444 574 518 627 ad
552 573 653 626 hoe
688 575 871 641 pulsia
907 577 1065 627 vetus
1101 578 1188 626 cst
1223 578 1287 628 ut
1322 575 1482 642 fama,
1523 575 1771 644 Sabellis,

207 649 326 713 Quo
360 667 429 703 ne
465 666 564 717 per
599 666 826 702 vacuum
866 650 1112 702 Romano
1148 650 1457 704 incurreret
1491 651 1683 718 hostis,

206 725 332 779 Sive
369 726 518 794 quod
559 725 738 793 Apula
771 741 906 793 gens
942 742 1039 778 seu
1075 725 1225 794 quod
1262 726 1503 780 Lucania
1538 727 1742 780 bellum

206 800 493 854 Incuteret
528 801 779 854 violenta.
851 801 963 854 Sed
998 802 1086 854 hie
1123 801 1281 854 stilus
1318 802 1466 855 haud
1502 808 1661 871 petet
1697 804 1844 857 ultro

206 877 547 946 Quemquam
583 879 916 930 animantem
953 882 1013 930 et
1048 894 1137 930 me
1174 877 1342 930 veluti
1378 879 1655 933 custodiet
1691 879 1839 933 ensis
1871 895 1925 933 40

204 951 421 1019 Vagina
456 957 669 1018 tectus;
706 969 870 1022 quem
907 970 1005 1006 cur
1042 953 1377 1020 distringere
1415 970 1579 1007 coner

205 1028 377 1081 Tutus
413 1029 482 1081 ab
519 1030 733 1082 infestis
769 1029 1115 1084 latronibus?
1189 1030 1236 1082 Ο
1273 1034 1433 1098 pater
1471 1034 1528 1084 et
1563 1047 1663 1084 rex

205 1104 241 1157 J
247 1106 477 1173 uppitcr,
513 1110 577 1158 ut
611 1109 803 1174 pereat
837 1106 1077 1173 positum
1115 1105 1369 1173 rubigine
1404 1106 1594 1173 telum,

204 1180 254 1232 N
260 1197 321 1234 ec
357 1182 644 1250 quisquam
681 1186 872 1234 noceat
907 1182 1106 1249 cupido
1143 1181 1277 1234 mihi
1312 1181 1493 1249 pacis!
1570 1184 1651 1235 At
1685 1183 1781 1237 ille

205 1256 310 1319 Qui
344 1274 432 1310 me
470 1258 1033 1324 commoda—melius
1068 1275 1177 1310 non
1213 1260 1472 1324 tangere!
1513 1258 1715 1324 clamo;
1867 1283 1912 1321 45

208 1332 389 1387 Flebit
425 1338 483 1386 et
517 1334 743 1400 insignis
779 1338 897 1386 tota
932 1332 1242 1386 cantabitur
1276 1333 1429 1386 urbe.

206 1409 430 1461 Cervius
467 1409 637 1462 iratus
673 1409 823 1476 leges
858 1409 1145 1462 minitatur
1180 1412 1238 1462 et
1275 1425 1482 1473 urnam,

206 1485 435 1538 Canidia
473 1485 667 1538 Albuti
705 1484 903 1552 quibus
940 1488 1026 1538 est
1062 1485 1281 1537 inimica
1320 1501 1603 1552 venenum,

206 1560 424 1613 Grande
462 1560 663 1613 malum
702 1560 912 1627 Turius»,
952 1561 997 1613 si
1035 1561 1170 1629 quid
1206 1577 1265 1613 se
1295 1559 1484 1627 judice
1522 1564 1725 1615 certes.

207 1636 285 1688 Ut
320 1653 427 1704 quo
464 1637 693 1704 quisque
728 1637 873 1689 valet
909 1641 1190 1704 suspectos
1226 1640 1451 1703 terreat,
1486 1640 1660 1704 utque
1873 1654 1919 1694 σο

209 1711 451 1779 Imperet
487 1713 587 1765 hoc
624 1715 819 1765 natura
855 1716 1066 1779 potenS,
1104 1712 1182 1764 sic
1218 1712 1410 1779 collige
1452 1726 1697 1767 mecum:

207 1787 388 1841 Dente
423 1788 597 1856 lupus,
635 1804 802 1840 cornu
839 1791 1030 1840 taurus
1066 1788 1240 1855 petit:
1277 1787 1424 1840 unde
1459 1787 1564 1840 nisi
1600 1788 1749 1842 intus

207 1863 613 1917 Monstratuml
688 1863 923 1916 Scaevae
961 1864 1202 1916 vivacem
1239 1862 1404 1916 crede
1439 1865 1628 1932 nepoti

207 1939 476 2003 Matrem3
511 1939 586 1991 nil
622 1938 785 1992 faciet
821 1939 1042 1992 sceleris
1080 1939 1175 2008 pia
1210 1939 1474 1994 dextera:
1509 1940 1726 1998 mirum.

206 2015 285 2068 Ut
300 2031 478 2082 neque
497 2014 642 2067 calce
657 2014 814 2081 lupus
834 2031 1163 2083 quemquam
1183 2031 1360 2082 neque
1375 2014 1545 2069 dente
1559 2017 1703 2083 petit
1722 2016 1821 2068 bos
1840 2039 1848 2078 ς
1870 2034 1918 2072 5⁵

206 2090 316 2143 Sed
350 2090 493 2143 mala
527 2089 685 2142 tollet
721 2106 883 2142 anum
921 2090 1114 2144 vitiato
1150 2090 1312 2143 melle
1351 2091 1543 2144 cicuta.

206 2165 292 2219 Ne
325 2165 548 2232 longum
584 2165 809 2220 faciam:
848 2183 943 2219 seu
980 2183 1068 2219 me
1103 2167 1401 2234 tranquilla
1436 2170 1688 2220 senectus

206 2242 502 2309 Exspectat
538 2258 634 2294 seu
670 2241 820 2293 Mors
856 2242 991 2295 atris
1027 2242 1379 2295 circumvolat
1414 2242 1530 2309 alis,

205 2317 386 2382 Dives,
422 2317 591 2384 inops,
633 2316 852 2385 Romae,
889 2334 987 2370 seu
1021 2318 1135 2369 fors
1171 2318 1251 2370 ita
1277 2318 1526 2386 jusserit,
1565 2318 1735 2386 exsul,

206 2393 461 2462 Quisquis
497 2392 602 2445 crit
637 2392 782 2446 vitae
818 2393 1050 2446 scribam
1088 2394 1274 2447 color.''
1337 2394 1365 2419 “
1383 2393 1428 2445 Ο
1466 2410 1621 2463 puer,
1656 2399 1720 2447 ut
1755 2395 1831 2447 sis
1868 2411 1917 2450 eo

207 2469 405 2522 vitalis
441 2473 627 2521 metue
665 2472 722 2521 et
756 2468 1025 2536 majorum
1061 2486 1131 2522 ne
1167 2469 1289 2537 quis
1325 2470 1532 2522 amicus

207 2544 430 2613 Frigore
465 2548 524 2598 te
559 2544 763 2598 feriat.’'
825 2546 854 2571 “
873 2544 1032 2613 Quid,
1069 2562 1193 2598 cum
1230 2549 1317 2598 cst
1356 2545 1596 2598 Lucilius
1633 2562 1800 2600 ausus

209 2621 420 2673 Primus
454 2621 510 2673 in
547 2621 689 2673 hunc
724 2621 905 2687 operis
941 2637 1265 2688 componere
1302 2622 1541 2674 earmina
1577 2638 1801 2689 morem,

206 2696 505 2749 Detrahere
542 2700 601 2749 ct
635 2696 848 2764 pellem,
883 2696 1091 2749 nitidus
1130 2714 1238 2766 qua
1274 2697 1505 2764 quisque
1539 2714 1640 2766 per
1674 2714 1770 2751 ora

203 2772 455 2840 Cederct,
489 2773 783 2825 introrsum
819 2773 1012 2840 turpis,
1052 2790 1183 2825 num
1220 2773 1437 2826 Laelius
1473 2777 1568 2827 aut
1604 2774 1700 2842 qui
1865 2788 1915 2829 ⁶⁵

203 2848 376 2901 Duxit
411 2848 481 2901 ab
517 2864 777 2916 oppressa
811 2850 1068 2901 meritum
1109 2849 1452 2915 Karthagine
1485 2865 1698 2915 nomeu,

200 2922 431 2989 Ingenio
467 2924 655 2976 offensi
691 2927 787 2977 aut
822 2923 968 2976 laeso
1004 2924 1228 2976 doluere
1266 2925 1492 2976 Metello

201 2997 553 3066 Famosisque
592 2998 745 3064 Lupo
782 3003 1036 3065 cooperto
1073 2998 1361 3053 versibus?
1435 3001 1612 3068 Atqui

203 3072 474 3125 Primores
509 3073 692 3140 populi
729 3074 961 3141 arripuit
996 3074 1366 3142 populumque
1403 3076 1673 3144 tributim,

201 3146 418 3203 Scilicet
453 3148 545 3201 uui
584 3163 790 3215 aequus
825 3149 1017 3201 virtuti
1054 3153 1223 3216 atque
1260 3149 1381 3217 ejus
1416 3151 1617 3205 amicis
1862 3168 1913 3208 70
