2217 3559
726 105 1236 155 EPISTOLARUM
1270 106 1314 154 Ι.
1337 105 1429 156 .15.
1844 97 1934 150 175

38 221 77 266 h
195 182 312 239 Me
357 188 620 240 constare
655 186 786 239 mihi
823 188 941 252 sciS‚
980 191 1040 241 et
1074 186 1358 239 discedere
1392 183 1627 249 tristem,

200 260 685 330 Quandocunque
720 264 946 316 trahunt
981 263 1153 315 invisa
1185 262 1405 329 negotia
1441 261 1685 313 Romam.

199 335 354 389 Non
400 337 595 390 eadem
630 339 919 403 miramur3
955 355 1020 391 eo
1056 337 1391 391 disconvenit
1425 337 1572 390 inter

201 410 444 481 Meque
480 418 539 466 et
574 417 660 468 te:
696 430 822 466 nam
859 431 997 482 quae
1035 414 1253 467 deserta
1288 417 1345 466 et
1378 411 1651 479 inhospita
1682 413 1833 463 tesca

205 486 436 539 Credis
470 495 699 541 amoena
733 493 890 543 vocat
925 506 1137 542 mecum
1174 490 1269 556 qui
1306 488 1491 554 sentit,
1529 490 1587 540 et
1622 486 1740 539 odit
1891 498 1937 537 ρο

208 560 393 624 Quae
428 566 492 616 tu
525 563 751 631 pulchra
784 569 959 632 putas.
1023 565 1236 618 ‚Fornix
1270 563 1371 616 tibi
1408 567 1465 616 et
1498 566 1662 616 uncta
1695 560 1896 630 popina

209 636 526 692 Incutiunt
561 638 713 691 urbis
749 640 1099 707 desiderium,
1137 641 1310 705 viden,
1347 643 1403 693 et
1439 638 1586 708 quod

211 714 494 780 Angulus
528 714 634 767 iste
669 713 813 768 feret
850 716 1006 784 piper
1042 722 1101 769 et
1138 716 1265 768 thus
1302 716 1448 768 ocius
1484 731 1605 783 uva,

211 787 274 839 N
278 805 355 841 ec
392 790 567 842 vicina
602 789 792 843 subest
825 791 1010 843 vinum
1042 790 1311 859 praebere
1344 790 1574 844 taberna

215 862 394 926 Quae
428 865 602 932 possit
636 865 756 933 tibi,
792 882 892 919 nec
928 868 1192 920 meretrix
1227 866 1465 933 tibicina,
1500 865 1656 934 cujus
1897 877 1944 917 25

219 938 334 991 Ad
372 942 664 1007 strepitum
701 942 861 995 salias
896 945 1077 995 terrae
1112 942 1315 1009 gravis:
1354 945 1411 995 et
1448 946 1631 994 tamen
1668 956 1831 1007 urges

218 1014 263 1065 J
266 1016 586 1084 ampridem
621 1034 726 1069 non
764 1022 913 1071 tacta
947 1019 1217 1085 ligonibus
1253 1034 1383 1070 arva
1418 1017 1721 1085 bovemque

220 1087 591 1158 Disjunctum
625 1109 783 1147 curas
820 1098 879 1147 et
914 1096 1119 1147 strictis
1154 1093 1441 1147 frondibus
1477 1092 1665 1161 exples
1679 1112 1694 1156 ;

226 1166 424 1220 Addit
459 1184 594 1235 opus
630 1168 786 1237 pigro
822 1169 984 1236 rivuS‚
1022 1170 1067 1222 si
1104 1170 1310 1241 decidit
1344 1168 1535 1234 imber,

227 1240 294 1292 M
305 1242 423 1295 ulta
457 1244 600 1295 mole
635 1244 913 1297 docendus
948 1246 1131 1311 aprico
1166 1261 1390 1313 parcere
1426 1247 1596 1312 prato,
1898 1255 1944 1293 so

228 1314 403 1370 Nunc
441 1335 544 1385 age
580 1319 716 1385 quid
751 1324 998 1372 nostrum
1035 1325 1355 1374 concentum
1393 1319 1603 1373 dividat
1637 1318 1780 1371 audi.

232 1394 420 1455 Quem
456 1397 652 1447 tenues
691 1394 925 1449 decuere
960 1400 1122 1464 togae
1158 1396 1429 1463 nitidique
1464 1394 1657 1463 capilli,

234 1469 421 1532 Quem
459 1469 564 1522 scis
598 1470 896 1524 immunem
934 1471 1165 1524 Cinarae
1200 1471 1465 1538 placuisse
1499 1469 1695 1537 rapaci,

243 1543 428 1607 Quem
463 1543 711 1597 bibulum
745 1544 940 1614 liquidi
975 1546 1157 1599 media
1194 1546 1264 1598 de
1298 1546 1417 1599 luce
1458 1544 1693 1611 Falerni,

238 1618 427 1671 Coena
449 1618 631 1673 brevis
648 1619 810 1686 juvat
834 1624 892 1672 et
915 1637 1084 1689 prope
1109 1622 1285 1673 rivum
1310 1636 1527 1673 somnus
1550 1621 1608 1672 in
1630 1617 1827 1681 herba3
1896 1631 1944 1671 ³6

238 1692 361 1746 Nec
395 1694 586 1747 lusisse
621 1693 796 1763 pudet
832 1695 932 1748 sed
966 1711 1073 1748 non
1108 1696 1351 1749 incidere
1387 1696 1594 1748 ludum.

241 1768 294 1821 N
299 1786 368 1821 on
404 1769 528 1822 istic
563 1769 782 1838 obliquo
819 1771 972 1824 oculo
1007 1787 1131 1824 mea
1164 1770 1445 1824 commoda
1481 1770 1765 1838 quisquam

240 1842 440 1909 Limat,
481 1860 586 1896 non
623 1846 748 1897 odio
784 1845 1015 1898 obscuro
1048 1862 1342 1915 morsuque
1379 1847 1641 1909 venenat3

240 1918 452 1972 Rident
489 1919 651 1972 vicini
687 1919 874 1987 glebas
909 1926 970 1973 et
1005 1937 1136 1974 saxa
1171 1927 1494 1975 moventem.

241 1983 384 2047 Cum
421 1995 593 2048 servis
629 1994 838 2048 urbana
873 1996 1047 2048 diaria
1082 1996 1278 2049 rodere
1315 1997 1512 2048 mavis:
1900 2008 1945 2048 ιθ

241 2067 460 2122 Horum
498 2072 563 2123 tu
598 2070 654 2121 in
689 2087 975 2123 numerum
1013 2075 1139 2124 voto
1176 2072 1319 2136 ruis3
1353 2070 1568 2124 invidet
1601 2087 1759 2123 usum

241 2142 543 2212 Lignorum
576 2149 634 2198 et
668 2147 877 2213 pecoris
914 2146 1017 2199 tibi
1054 2146 1169 2199 calo
1205 2150 1433 2213 argutus
1470 2150 1529 2199 et
1563 2146 1724 2198 horti.

242 2219 417 2287 Optat
452 2220 710 2289 ephippia
746 2221 858 2288 bos,
894 2222 1048 2288 piger
1084 2224 1240 2289 optat
1274 2237 1429 2273 arare
1469 2219 1735 2283 caballus:

243 2295 418 2360 Quam
456 2296 560 2350 scit
595 2300 830 2365 uterque
865 2295 1044 2349 libens
1079 2295 1310 2349 censebo
1345 2298 1599 2350 exerceat
1636 2299 1823 2348 artem.

1039 2439 1163 2492 XV.

243 2520 406 2584 QUAE
445 2520 518 2581 sit
549 2520 725 2574 hiems
760 2519 970 2587 Veliae,
1007 2520 1155 2588 quod
1189 2521 1413 2587 caelum,
1452 2516 1607 2583 Vala,
1653 2518 1877 2586 Salerni,

244 2597 489 2660 Quorum
512 2594 791 2649 hominum
813 2596 965 2665 regio
990 2601 1047 2649 et
1071 2596 1247 2664 qualis
1272 2597 1374 2662 via,
1403 2598 1546 2660 (nam
1569 2593 1705 2647 mihi
1730 2593 1893 2648 Baias

245 2671 409 2724 Musa
445 2687 806 2739 supervacuas
845 2671 1120 2723 Antonius
1156 2674 1216 2725 et
1248 2676 1436 2725 tamen
1471 2671 1581 2723 illis

246 2745 341 2800 Me
376 2745 507 2798 facit
542 2745 789 2813 invisum,
826 2745 1010 2813 gelida
1043 2762 1167 2800 cum
1203 2745 1424 2815 perluor
1456 2744 1605 2798 unda

244 2821 353 2875 Per
389 2820 632 2874 medium
666 2821 853 2888 frigus,
926 2820 1066 2875 Sane
1101 2825 1344 2876 murteta
1377 2821 1615 2891 relinqui
1912 2823 1938 2867 ⁸

244 2894 518 2965 Dictaque
554 2900 860 2950 cessantem
895 2896 1076 2951 nervis
1113 2897 1317 2952 elidere
1353 2897 1604 2951 morbum

247 2968 522 3037 Sulphura
555 2970 831 3023 contemni
865 2970 1015 3024 vicus
1049 2973 1237 3040 gemit,
1273 2972 1490 3027 invidus
1525 2972 1719 3039 aegris,

247 3045 351 3109 Qui
390 3050 556 3113 caput
591 3049 649 3098 et
686 3046 1023 3099 stomachum
1059 3064 1363 3116 supponere
1401 3048 1643 3102 fontibus
1679 3046 1889 3102 audent

248 3119 487 3177 Clusinis
524 3119 836 3193 Gabiosque
869 3125 1067 3195 petunt
1102 3129 1161 3180 et
1194 3123 1397 3195 frigida
1432 3140 1575 3182 rura.
