2217 3559
802 133 1205 182 CARMINUM
1237 132 1344 182 ΙΙΙ.
1381 134 1429 184 2.

611 212 880 278 Culpante
915 227 1056 264 nunc
1088 211 1359 264 torrentia
1392 226 1552 278 agros

680 287 874 342 Sidera
908 304 1051 339 nunc
1084 287 1294 340 hiemes
1328 287 1559 355 iniquas,

530 363 836 424 ‚Contracta
868 363 1043 430 pisces
1077 378 1316 430 aequora
1350 362 1615 415 sentiunt*

544 438 583 493 J
585 438 719 491 actis
753 438 810 491 in
845 439 1017 491 altum
1052 437 1312 502 molibus;
1346 437 1453 490 huc
1486 437 1739 506 frequens

613 513 907 567 caementa
941 513 1186 567 demittit
1219 512 1537 581 redemptor

681 589 816 642 Cum
851 588 1066 641 famulis
1102 588 1462 656 dominusque
1494 591 1679 641 terrae

546 663 900 718 Fastidiosus.
971 662 1081 717 Sed
1118 662 1302 716 Timor
1337 668 1395 716 et
1432 664 1619 716 Minae

543 739 824 793 Scandunt
857 738 1052 792 eodem
1086 755 1196 807 quo
1232 738 1496 803 dominus,
1530 753 1709 806 nequo

612 814 849 867 Decedit
881 816 1071 866 aerata
1103 813 1333 879 triremi,
1370 817 1428 866 et

681 889 814 943 Post
849 888 1090 957 equitem
1126 888 1286 942 sedet
1321 892 1442 940 atra
1479 888 1637 942 Cura.

545 962 751 1027 Quodsi
787 963 1065 1017 dolentem
1097 979 1200 1016 nec
1237 963 1504 1032 Phrygius
1538 963 1675 1032 lapis

544 1039 596 1092 N
600 1056 660 1092 ec
695 1055 1056 1107 purpurarum
1093 1038 1276 1092 sidere
1310 1039 1505 1092 clarior

612 1114 833 1168 Delenit
867 1131 998 1167 usus
1031 1130 1133 1166 nec
1170 1114 1401 1167 Falerna

680 1189 828 1242 Vitis
865 1188 1402 1258 Achaemeniumque
1437 1193 1643 1244 costum

546 1264 659 1318 Cur
691 1265 1000 1318 invidendis
1033 1264 1283 1333 postibus
1319 1269 1377 1318 et
1409 1282 1549 1317 novo

545 1339 789 1394 Sublime
822 1340 935 1392 ritu
968 1339 1161 1392 moliar
1194 1340 1429 1393 atrium?

614 1414 726 1469 Cur
760 1414 897 1468 valle
933 1417 1241 1481 permutem
1280 1414 1483 1469 Sabina

679 1490 913 1543 Divitias
947 1488 1321 1558 operosiores?

548 1715 857 1768 Anansuu
892 1713 1063 1767 amice
1099 1714 1414 1782 pauperiem
1449 1718 1565 1782 pati

544 1789 822 1845 Robustus
856 1790 967 1843 acri
1002 1789 1199 1842 militia
1231 1805 1369 1856 puer

611 1864 920 1932 Condiscat,
955 1868 1014 1918 et
1050 1864 1285 1918 Parthos
1317 1864 1526 1918 feroces

678 1940 863 1993 Vexet
897 1955 1065 2007 eques
1101 1940 1430 1992 metuendus
1464 1940 1636 2007 hasta,

542 2014 837 2083 Vitamque
872 2014 973 2068 sub
1009 2014 1135 2067 divo
1171 2019 1230 2068 et
1264 2014 1496 2082 trepidis
1531 2019 1660 2082 agat

541 2089 610 2144 In
645 2089 823 2143 rebus.
895 2089 1058 2142 Illum
1095 2107 1164 2142 ex
1197 2090 1481 2143 moenibus
1516 2090 1739 2145 hosticis

609 2165 862 2218 Matrona
893 2164 1150 2218 bellantis
1183 2165 1400 2233 tyranni

679 2241 1020 2308 Prospiciens
1055 2244 1113 2295 et
1147 2240 1338 2294 adulta
1370 2241 1522 2307 virgo

539 2314 804 2383 Suspiret,
841 2316 995 2383 eheu,
1030 2333 1100 2369 ne
1135 2316 1289 2369 rudis
1324 2318 1601 2382 agminum

539 2390 779 2458 Sponsus
811 2391 1041 2445 lacessat
1074 2392 1259 2459 regius
1293 2407 1547 2458 asperum

609 2464 780 2519 'Pactu
814 2466 1041 2533 leonem,
1078 2483 1242 2534 quem
1278 2469 1506 2519 cruenta

677 2540 784 2592 Per
821 2540 1028 2593 medias
1062 2541 1208 2609 rapit
1241 2541 1325 2593 ira
1358 2541 1567 2598 caedes,

540 2614 712 2670 Dulce
748 2619 806 2668 et
841 2614 1098 2668 decorum
1136 2618 1223 2669 est
1258 2632 1356 2683 pro
1391 2617 1571 2683 patria
1606 2618 1771 2674 moriz

537 2690 690 2745 Mors
725 2693 783 2743 et
816 2689 1063 2758 fugacem
1098 2692 1451 2759 persequitur
1485 2691 1678 2757 virum,

606 2764 658 2817 N
662 2781 725 2817 ec
757 2766 932 2832 parcit
968 2765 1205 2819 imbellis
1230 2765 1495 2830 juventae

675 2839 979 2908 Poplitibus
1014 2841 1320 2910 timidoque
1355 2846 1526 2909 tergo·

539 2915 732 2968 Virtus
766 2915 1014 2983 repulsae
1048 2917 1232 2969 nescia
1267 2917 1520 2970 sordidae

537 2990 885 3045 lntaminatis
919 2990 1092 3059 fulget
1127 2991 1435 3058 honoribus,

606 3064 657 3118 N
661 3081 723 3117 ec
758 3065 923 3117 sumit
959 3074 1056 3118 aut
1090 3066 1245 3134 ponit
1280 3083 1495 3121 secures

671 3137 922 3193 Arbitrio
955 3141 1231 3208 popularis
1265 3157 1444 3196 aurae.

1896 130 1963 179 43

1914 902 1962 942 40

1913 2407 1959 2448 lo
