2217 3559
826 107 1135 155 HORATH
1173 106 1435 156 FLACOI

555 184 791 240 Plutona
823 186 1012 249 tauriS,
1051 187 1146 254 qui
1182 189 1269 239 ter
1305 185 1548 253 amplum

614 261 898 328 Geryonen
940 262 1243 330 Tityonque
1280 262 1428 314 tristi

486 337 794 405 Compescit
828 337 991 404 unda,
1029 337 1235 392 scilieet
1271 336 1522 390 omnibus

487 411 805 481 Quicunque
841 417 1023 466 terrae
1059 429 1288 467 munere
1324 413 1594 465 vescimur

554 488 916 555 Enaviganda,
955 489 1069 541 sivo
1104 506 1262 556 reges

624 563 748 617 Sive
785 564 975 632 inopes
1012 564 1217 618 erimus
1252 564 1440 619 coloni.

487 638 718 693 Frustra
755 643 980 693 cruento
1018 641 1201 693 Marte
1239 640 1545 694 carebimus

485 715 805 783 Fraetisque
840 716 990 769 rauci
1027 714 1284 768 fiuctibus
1321 716 1583 781 Hadriae,
1651 767 1666 778 ,

553 790 781 845 Frustra
814 808 913 859 per
948 795 1268 845 auctumnos
1303 796 1590 845 nocentem

625 867 953 934 Corporibus
987 871 1297 921 metuemus
1336 868 1636 922 Austrum:

490 942 766 995 Viseudus
801 947 923 996 ater
957 943 1179 996 flumine
1216 943 1475 1011 languido

487 1018 715 1086 Cocytos
750 1034 938 1071 errans
974 1022 1033 1071 et
1068 1018 1245 1072 Danai
1281 1034 1454 1086 genus

555 1095 766 1147 Infame
803 1095 1200 1163 damnatusque
1238 1095 1386 1162 longi

623 1170 882 1238 Sisyphus
920 1169 1178 1223 Aeolides
1212 1170 1430 1224 laboris,

488 1246 808 1315 Linquenda
838 1246 1008 1300 tellus
1043 1250 1101 1300 et
1139 1245 1332 1299 domus
1369 1250 1426 1300 et
1459 1246 1682 1315 placens

487 1324 656 1389 Uxor,
691 1339 868 1390 neque
904 1322 1097 1375 harum
1133 1339 1270 1390 quas
1305 1323 1436 1376 colis
1472 1321 1727 1375 arborum

556 1398 632 1451 Te
669 1402 890 1466 praeter
925 1398 1126 1451 invisas
1163 1415 1449 1467 cupressos

623 1474 751 1527 Ulla
785 1473 1006 1528 brevem
1044 1473 1321 1526 dominum
1359 1476 1634 1542 sequetur.

490 1550 762 1603 Absumet
796 1549 958 1603 heres
996 1548 1245 1602 Caecuba
1281 1549 1498 1616 dignior

489 1627 714 1680 Servata
749 1629 967 1678 centum
1003 1624 1256 1692 clavibuS,
1294 1629 1351 1678 et
1386 1640 1550 1693 meros

557 1702 753 1768 Tinget
787 1702 1153 1768 pavimentum
1190 1700 1423 1768 superbo

626 1775 948 1829 Pontificum
982 1776 1194 1845 potiore
1230 1776 1426 1829 coenis,

489 2001 613 2055 JAM
648 2018 820 2071 pauca
855 2006 1035 2056 aratro
1063 2002 1263 2069 jugera
1297 2004 1483 2071 regiae

489 2077 664 2130 Moles
698 2078 1036 2146 relinquent3
1073 2079 1315 2147 undique
1351 2080 1516 2132 latius

556 2153 797 2206 Extenta
830 2154 1078 2206 visentur
1117 2154 1349 2207 Lucrino
1485 2168 1490 2173 ·

626 2229 831 2296 Stagna
866 2229 999 2295 lacu,
1034 2229 1397 2299 platanusque
1434 2229 1647 2283 caelebs

491 2305 718 2359 Evincet
752 2306 961 2370 ulmos;
997 2308 1117 2358 tum
1153 2305 1376 2358 violaria
1412 2311 1470 2360 et

489 2382 703 2448 Myrtus
739 2385 798 2435 et
833 2381 1006 2435 omnis
1042 2381 1197 2448 copia
1232 2381 1446 2435 narium

556 2459 830 2526 Spargent
864 2457 1076 2510 olivetis
1113 2456 1335 2510 odorem

626 2532 923 2586 Fertilibus
959 2533 1177 2585 domino
1214 2533 1393 2601 priori,

488 2610 625 2663 Tum
661 2608 834 2677 spissa
868 2608 1034 2661 ramis
1068 2608 1254 2661 laurea
1287 2608 1525 2663 fervidos

486 2685 758 2739 Excludet
791 2685 944 2739 ictus.
1014 2684 1141 2737 Non
1174 2684 1253 2737 ita
1291 2684 1509 2738 Romuli

556 2760 956 2828 Praeseriptum
994 2764 1052 2814 et
1085 2759 1288 2813 intonsi
1326 2760 1548 2814 Catonis

625 2836 897 2904 Auspiciis
932 2840 1288 2904 veterumque
1323 2852 1529 2890 norma.

487 2912 739 2967 Privatus
774 2913 879 2965 illis
913 2928 1107 2965 census
1143 2916 1263 2965 erat
1296 2911 1495 2978 brevis,

486 2991 785 3043 Commune
819 3005 1107 3055 magnum:
1143 2988 1292 3040 nulla
1328 2986 1679 3055 decempedis

555 3065 769 3117 Metata
802 3063 1028 3130 privatis
1065 3078 1287 3128 opacam

626 3137 873 3189 Porticus
908 3135 1210 3201 excipiebat
1247 3136 1471 3201 Arcton,

1942 1187 1989 1223 23
