2217 3559
279 131 298 179 l
311 131 369 178 18
847 128 1156 177 HORATII
1189 128 1449 178 FLACCI

277 209 608 262 Graecorum
642 208 803 275 longe
840 208 1222 273 doctissimus3
1256 208 1388 262 inde
1426 208 1630 262 Forum
1670 207 1837 279 Appi,

279 283 569 338 Differtum
603 284 786 337 nautis
821 284 1154 353 cauponibus
1188 287 1357 353 atque
1392 284 1660 351 malignis.

281 360 400 413 Hoc
433 360 543 413 iter
579 359 760 427 ignavi
796 359 1093 425 divisimus,
1130 360 1294 413 altius
1328 377 1391 413 ac
1424 375 1525 414 nos
1977 376 2005 415 s

279 435 612 488 Praecinctis
646 452 851 501 unum;
885 436 1065 488 minus
1101 439 1188 489 est
1222 435 1404 503 gravis
1443 436 1628 504 Appia
1661 436 1855 489 tardis.

279 510 389 563 Hic
423 527 525 579 ego
559 515 789 578 propter
824 527 1035 579 aquam,
1073 511 1224 579 quod
1259 514 1380 566 erat
1417 511 1734 578 deterrima,
1772 514 1959 564 ventri

279 586 472 639 Indico
506 586 726 654 bellum,
764 591 1055 640 coenantes
1090 587 1239 640 haud
1275 587 1455 639 animo
1489 603 1666 654 aequo

279 661 620 730 Exspectans
654 663 894 716 comites.
966 663 1001 716 ‚J
1009 679 1095 715 am
1132 679 1241 716 nox
1277 662 1537 716 inducere
1571 662 1742 715 terris

280 737 516 790 Umbras
551 741 609 791 et
643 738 794 791 caelo
831 737 1141 791 diffundere
1177 739 1330 805 signa
1365 736 1630 805 parabat;
1953 753 2001 790 ιο

278 813 415 864 Tum
449 813 605 881 pueri
643 814 836 879 nautia
875 814 1058 881 pueris
1095 813 1337 866 convicia
1370 816 1571 867 nautae
1675 854 1687 869 ,

283 888 554 956 lngercre.
628 888 754 941 Huc
789 888 1038 956 appelle!
1109 887 1407 940 Trecentos
1444 886 1671 941 inseris:
1707 886 1814 940 ohe

277 963 406 1016 Jam
443 965 575 1017 satis
611 968 728 1018 cst!
805 964 950 1016 Dum
987 980 1080 1017 aes
1116 964 1372 1030 exigitur,
1410 963 1542 1015 dum
1579 962 1729 1016 mula
1765 964 1989 1031 ligatur,

278 1038 416 1092 Tota
449 1038 567 1093 abit
602 1039 748 1092 hora.
820 1038 952 1091 Mali
988 1039 1187 1092 culices
1221 1055 1493 1107 ranaeque
1527 1039 1804 1105 palustres

280 1116 557 1168 Avertunt
592 1131 818 1182 somnos,
855 1115 1136 1168 absentem
1170 1118 1234 1168 ut
1267 1118 1455 1167 cantat
1489 1115 1718 1168 amicam
1947 1131 1993 1171 ιε

279 1191 457 1243 Multa
489 1190 736 1258 prolutus
770 1207 946 1259 vappa
981 1195 1149 1244 nauta
1183 1194 1351 1259 atque
1390 1190 1566 1243 viator

278 1266 558 1320 Certatim.
630 1266 872 1319 Tandem
906 1267 1083 1320 fessus
1119 1266 1358 1319 dormire
1392 1266 1570 1319 viator

280 1341 494 1410 Incipit,
531 1359 593 1395 ac
629 1342 824 1395 missae
858 1346 1077 1411 pastum
1112 1342 1411 1395 retinacula
1444 1342 1625 1395 mulae

279 1417 331 1470 N
333 1422 463 1472 auta
495 1420 652 1487 piger
687 1435 816 1471 saxo
852 1418 1048 1486 religat
1084 1419 1383 1487 stertitque
1419 1419 1658 1487 supinus.

278 1494 516 1563 Jamque
552 1495 669 1547 dies
704 1494 911 1559 aderat,
948 1494 1023 1547 nil
1059 1511 1181 1548 cum
1223 1493 1524 1562 procedere
1560 1493 1782 1548 lintrem
1943 1514 1989 1550 2)

278 1570 570 1639 SentimuS,
606 1570 778 1624 donec
813 1570 1131 1624 cerebrosus
1165 1570 1380 1639 prosilit
1414 1586 1556 1622 unus

280 1648 365 1699 Ac
398 1647 577 1699 mulae
613 1650 921 1714 nautaeque
957 1650 1123 1713 caput
1158 1644 1483 1713 lumbosque
1520 1644 1728 1712 saligno

280 1721 451 1776 Fuste
486 1723 668 1776 dolat:
706 1726 901 1790 quarta
935 1722 1027 1774 vix
1064 1722 1286 1773 demum
1324 1720 1643 1788 exponimur
1675 1720 1822 1774 hora.

279 1798 391 1851 Ora
425 1814 723 1866 manusque
759 1801 857 1850 tua
891 1797 1137 1863 lavimu8‚
1176 1795 1423 1861 Feronia,
1460 1795 1692 1864 lympha.

280 1874 453 1927 Millia
486 1879 604 1927 tum
639 1873 820 1941 pransi
857 1874 964 1927 tria
998 1873 1238 1939 repimus
1274 1875 1441 1939 atque
1476 1871 1721 1925 subimus
1941 1887 1988 1928 ιε

283 1951 603 2019 Impositum
643 1950 793 2013 saxis,
821 1948 933 2002 late
971 1947 1332 2002 candentibus
1371 1947 1580 2000 Anxur.

281 2027 405 2079 Huc
441 2029 700 2079 venturus
736 2029 855 2078 erat
891 2025 1182 2078 Maecenas
1216 2023 1455 2091 optimus
1491 2027 1660 2092 atque

279 2102 545 2168 CocceiuS‚
585 2101 732 2153 missi
768 2101 978 2168 magnis
1013 2100 1085 2152 de
1120 2099 1288 2152 rebus
1321 2102 1557 2167 uterque

282 2178 489 2246 Legati,
525 2193 742 2229 aversos
778 2176 923 2229 soliti
958 2191 1281 2243 componere
1317 2174 1532 2227 amicos

281 2255 388 2307 Hic
423 2253 590 2307 oculis
626 2269 726 2319 ego
761 2252 919 2319 nigra
953 2253 1092 2304 meis
1128 2251 1348 2319 collyria
1382 2250 1563 2318 lippus
1930 2262 1982 2301 ³0

281 2330 515 2383 Illinere.
587 2328 811 2381 Interea
848 2328 1135 2380 Maecenas
1170 2325 1396 2379 advenit
1430 2330 1598 2394 atque

278 2405 536 2460 Cocceius
573 2404 872 2472 Capitoque
909 2403 1067 2456 simul
1104 2402 1380 2466 Fonteius,
1416 2402 1490 2455 ad
1524 2416 1760 2469 unguem

280 2483 478 2536 Factus
513 2481 688 2547 homo,
728 2478 937 2533 Antoni
973 2496 1079 2532 non
1118 2482 1182 2531 ut
1216 2478 1393 2544 magis
1426 2477 1565 2531 alter
1598 2478 1818 2533 amicus.

281 2558 501 2612 Fundos
539 2555 761 2610 Aufidio
799 2555 972 2608 Lusco
1007 2559 1259 2623 praetore
1295 2554 1532 2607 libenter

278 2634 612 2703 LinquimuS,
648 2632 821 2685 insani
857 2631 1099 2683 ridentes
1134 2629 1377 2699 praemia
1412 2630 1637 2695 scribae,
1935 2647 1978 2686 35

279 2711 627 2763 Praetextam
665 2712 722 2761 et
756 2708 927 2760 latum
963 2707 1175 2760 clavum
1209 2722 1527 2773 prunaeque
1563 2705 1826 2761 batillum.

278 2787 345 2839 In
381 2786 783 2840 Mamurrarum
818 2783 944 2836 lassi
981 2782 1183 2835 deinde
1217 2780 1354 2834 urbe
1390 2797 1684 2849 mancinus,

276 2863 507 2916 Murena
541 2859 843 2929 praebente
879 2858 1116 2925 domum,
1154 2856 1419 2924 Capitone
1454 2857 1699 2910 culinam.

277 2939 505 2992 Postera
539 2936 633 2989 lux
668 2936 846 2988 oritur
881 2934 1051 2987 multo
1085 2933 1429 3000 gratissima;
1465 2949 1701 3002 namque

277 3014 486 3066 Plotius
520 3017 578 3065 et
615 3011 816 3063 Varius
853 3009 1141 3062 Sinuessae
1177 3007 1551 3075 Virgiliusque
1927 3029 1968 3067 ω

275 3088 595 3153 Occurrunt,
633 3088 844 3139 animae
880 3084 1067 3152 quales
1102 3099 1281 3150 neque
1316 3082 1659 3136 candidiores

275 3162 444 3218 Terra
476 3163 607 3219 tulit
640 3177 819 3232 neque
856 3159 977 3230 quis
1013 3174 1101 3215 me
1139 3159 1212 3213 sit
1247 3157 1549 3213 devinctior
1583 3158 1739 3216 alter.

2162 3250 2189 3399 ’.ᾆξ’-κ
