2217 3559
764 141 1175 189 CARMINUM
1209 141 1287 190 ΙΙ.
1324 142 1404 190 20.
1860 142 1918 188 41

566 219 756 286 VateS,
795 236 972 288 neque
1009 221 1063 272 in
1101 220 1267 273 terris
1305 218 1558 272 morabor

637 295 888 362 Longius,
927 294 1243 362 invidiaque
1284 294 1459 361 major

493 370 678 425 Urbes
714 371 1032 439 relinquam.
1103 370 1230 422 Non
1267 386 1385 436 ege,
1423 384 1723 436 pauperum
1901 383 1927 425 ⁶

485 446 727 513 Sanguis
765 450 1068 513 parentum,
1112 462 1218 497 non
1259 461 1360 512 ego
1399 459 1563 512 quem
1600 459 1773 510 vocas,

565 521 781 575 Dilecte
820 522 1122 585 Maecenas,
1164 519 1327 573 obibo

633 597 752 650 Nec
791 597 978 664 Stygia
1015 596 1309 650 cohibebor
1347 595 1509 650 unda.

499 672 539 724 J
541 689 628 724 am
658 671 777 739 jam
813 672 1064 725 residunt
1102 671 1349 724 cruribus
1385 688 1609 738 asperae

497 747 690 813 Pelles,
730 751 788 800 et
825 746 1007 800 album
1045 751 1230 799 mutor
1265 747 1321 798 in
1363 746 1550 799 alitem
1879 762 1922 801 ιο

566 823 827 889 Superne‚
862 825 1265 889 nascunturque
1301 821 1447 874 leves

634 897 742 950 Per
781 898 983 964 digitos
1025 896 1386 966 humerosque
1424 896 1655 964 plumae.

493 972 532 1024 J
534 990 621 1025 am
659 972 935 1025 Daedaleo
972 972 1118 1025 ocior
1160 972 1316 1025 Icaro

498 1048 684 1102 Visam
720 1048 990 1115 gementis
1029 1047 1218 1100 littora
1256 1046 1479 1115 Bospori

563 1122 860 1190 Syrtesque
900 1122 1158 1175 Gaetulas
1196 1139 1422 1175 canorus
1883 1136 1928 1178 15

629 1197 764 1250 Ales
818 1197 1308 1266 Hyperboreosque
1346 1214 1578 1266 campos,

495 1272 590 1325 Me
628 1272 858 1325 Colchus
895 1276 953 1325 ct
991 1273 1085 1340 qui
1126 1273 1431 1326 dissimulat
1473 1277 1681 1327 metum

494 1347 708 1401 Marsae
739 1347 974 1400 cohortis
1014 1348 1195 1401 Dacus
1237 1351 1295 1401 et
1333 1348 1510 1402 ultimi

560 1422 612 1475 N
616 1426 803 1474 osccnt
842 1422 1050 1489 Geloni,
1088 1439 1178 1475 me
1214 1423 1425 1490 peritus

629 1496 817 1549 Discet
856 1496 1034 1549 Hiber
1075 1496 1434 1566 Rhodanique
1473 1500 1648 1566 potor.
1875 1517 1923 1557 20

494 1570 698 1625 Absint
734 1571 881 1623 inani
922 1571 1114 1624 funere
1155 1572 1350 1624 neniae

492 1645 803 1713 Luctusque
839 1649 1030 1714 turpes
1072 1650 1130 1700 et
1170 1646 1575 1715 querimoniae;

563 1721 856 1786 Compesce
893 1720 1180 1773 clamorem
1220 1737 1284 1774 ac
1321 1720 1552 1788 sepulcri

628 1795 796 1853 Mitte
836 1811 1195 1867 supervacuos
1231 1796 1480 1853 honores.
