2217 3559
679 111 968 160 EPODON
1003 112 1235 172 LIBER,
1278 114 1351 172 15,
1395 113 1467 160 16.
1870 107 1934 152 99

431 190 703 260 Inceptos‚
739 191 867 244 olim
902 192 1229 259 promissum
1265 207 1499 261 carmen,
1532 191 1742 245 iambos

497 267 594 320 Ad
626 267 941 320 umbilicum
977 266 1267 320 adducere.

425 341 550 395 Non
586 342 749 396 aliter
784 342 964 395 Samio
1000 343 1191 397 dicunt
1226 343 1424 397 arsisse
1461 343 1715 412 Bathyllo

500 418 850 471 Anacreonta
887 419 1095 485 Teium,
1400 487 1403 490 Δ
1881 435 1924 474 ιο

424 492 533 557 Qui
568 510 834 562 persaepe
868 510 1000 547 cava
1034 494 1316 548 testudine
1352 495 1505 549 flevit
1541 511 1782 548 amorem

494 569 546 622 N
550 585 619 621 on
655 569 990 623 elaboratum
1025 570 1096 623 ad
1131 570 1343 637 pedem.

425 643 616 698 Ureris
649 645 767 712 ipse
801 645 997 702 miser:
1031 645 1227 714 quodsi
1263 662 1371 698 non
1405 646 1678 713 pulchrior
1710 646 1851 714 ignis

494 720 766 774 Accendit
798 721 1072 774 obsessam
1112 721 1266 786 Ilion,

420 795 619 849 Gaude
654 800 800 850 sorte
834 800 965 861 tua3
999 814 1088 850 me
1124 796 1378 850 libertina
1411 812 1588 864 neque
1623 813 1731 850 uno
1876 813 1919 851 ιε

495 871 768 925 Contenta
804 871 1020 940 Phryne
1054 875 1309 925 macerat.

422 1094 550 1148 Nox
586 1098 708 1148 erat
742 1098 801 1148 et
832 1095 984 1148 caelo
1017 1094 1265 1161 fulgebat
1299 1095 1429 1148 luna
1461 1111 1653 1149 sereno

495 1171 651 1224 Inter
685 1172 894 1223 minora
928 1169 1125 1238 sidera,

419 1245 561 1300 Cum
596 1252 660 1300 tu
695 1263 1016 1314 magnorum
1051 1263 1252 1299 numen
1287 1247 1500 1300 laesura
1535 1247 1760 1300 deorum

492 1322 560 1374 In
596 1322 764 1375 verba
789 1321 1018 1390 jurabas
1052 1338 1191 1388 mea,

421 1396 615 1450 Artius
637 1401 805 1466 atque
827 1397 1032 1451 hedera
1056 1413 1280 1465 procera
1303 1398 1662 1465 adstringitur
1683 1398 1809 1465 ileX,
1886 1413 1935 1457 6Δ

491 1472 679 1526 Lentis
714 1472 1016 1526 adhaerens
1051 1472 1316 1527 brachiis:

419 1546 566 1600 Dum
601 1549 783 1616 pecori
816 1548 976 1617 lupus
1011 1552 1070 1601 et
1103 1548 1285 1601 nautis
1319 1548 1547 1602 infestus
1583 1548 1749 1603 Orion

490 1623 758 1677 Turbaret
791 1623 1077 1676 hibernum
1113 1640 1279 1689 mare,

420 1697 781 1767 Intonsosque
816 1699 1051 1767 agitaret
1089 1699 1359 1767 Apollinis
1394 1716 1525 1754 aura
1560 1701 1793 1769 capiIIOS,

488 1774 628 1827 Forc
665 1774 806 1828 hunc
840 1791 1079 1828 amorem
1117 1778 1381 1829 mutuum.
1866 1793 1908 1831 ιο

414 1847 467 1900 Ο
503 1848 740 1902 dolitura
772 1865 898 1902 mea
931 1850 1163 1902 multum
1199 1850 1403 1904 virtute
1441 1852 1683 1906 Neaera!

486 1923 626 1976 Nam
664 1925 710 1977 si
743 1925 880 1993 quid
912 1925 969 1978 in
1008 1925 1199 1978 Flacco
1235 1926 1337 1978 viri
1374 1932 1474 1994 est,

414 1997 467 2051 N
471 2016 540 2051 on
574 1999 718 2053 feret
752 2000 997 2053 assiduas
1030 2001 1228 2068 potiori
1264 2006 1322 2054 te
1359 2002 1492 2056 dare
1528 2007 1728 2071 nocteS‚

486 2075 558 2128 Et
594 2079 821 2143 quaeret
854 2076 1026 2129 iratus
1060 2093 1264 2143 parem,

414 2147 532 2202 Nec
567 2151 733 2203 semel
769 2151 1001 2204 offensae
1036 2152 1197 2205 cedet
1231 2154 1535 2207 constantia
1568 2156 1788 2223 formae,
1863 2172 1907 2212 15

483 2224 541 2277 Si
576 2230 757 2279 certus
792 2226 1010 2279 intrarit
1044 2226 1211 2280 dolor.

413 2298 487 2352 Et
521 2304 599 2367 tu,
636 2301 946 2368 quicunque
983 2317 1042 2354 es
1076 2302 1282 2354 felicior
1315 2306 1482 2372 atque
1517 2320 1639 2358 meo
1672 2323 1813 2360 nunc

483 2376 761 2443 Superbus
797 2377 1002 2430 incedis
1037 2376 1194 2443 malo,

409 2449 499 2504 Sis
532 2467 729 2518 pecore
765 2456 824 2505 et
859 2452 1032 2505 multa
1067 2451 1219 2505 dives
1254 2453 1451 2507 tellure
1488 2453 1675 2511 lieebit

482 2527 713 2597 Tibique
751 2527 1003 2581 Pactolus
1039 2528 1187 2593 fluat,
1855 2549 1905 2587 ιο

411 2601 529 2656 Nec
563 2607 622 2656 te
661 2603 998 2671 Pythagorae
1033 2603 1226 2657 fallant
1262 2620 1455 2658 arcana
1490 2608 1682 2676 renati,

483 2678 786 2747 Formaque
822 2680 1002 2732 vincas
1039 2681 1224 2747 Nirea,

415 2751 573 2806 Eheu
608 2755 901 2807 translatos
935 2755 1040 2808 alio
1076 2755 1345 2809 maerebis
1381 2773 1592 2811 amores
1608 2777 1626 2814 ι

482 2831 593 2884 Ast
627 2847 728 2899 ego
765 2830 1000 2884 vicissim
1035 2831 1221 2885 riser0.

973 2972 1132 3028 XVI.

351 3060 581 3108 An'rnRA
607 3055 725 3123 jam
760 3056 961 3109 teritur
994 3056 1151 3109 bellis
1187 3055 1431 3110 civilibus
1466 3062 1630 3126 aetaS‚

416 3129 541 3183 Suis
576 3135 634 3184 et
658 3131 789 3199 -ipsa
825 3131 1000 3184 Roma
1033 3132 1241 3185 viribus
1273 3133 1420 3188 ruit:
