2217 3559
10 3230 81 3409 «Α

812 127 1101 176 EPODON
1135 128 1371 190 LIBER,
1414 129 1488 180 17.

421 207 716 276 Neptunus
752 208 864 260 alto
899 208 1085 262 tundit
1120 207 1383 261 hibernus
1419 209 1546 263 salo,
1619 255 1621 257 ,

423 283 643 336 Inultus
678 286 742 335 ut
777 287 842 336 tu
877 283 1067 336 risoris
1104 284 1350 350 Cotyttia

421 358 678 425 Vulgata,
718 375 930 411 sacrum
965 359 1125 412 liberi
1164 359 1463 427 Cupidinis»,

420 433 497 486 Et
536 434 803 501 Esquilini
839 435 1084 502 pontifex
1119 435 1349 487 venefici

424 508 661 576 Impune
698 512 762 561 ut
798 509 1009 562 Urbem
1044 511 1263 563 nomine
1297 510 1540 578 impleris
1576 514 1733 566 mco!

422 583 572 646 Quid
605 584 868 652 proderat
905 584 1112 639 ditasse
1150 585 1403 652 Pelignas
1438 601 1586 653 anuS,

419 658 746 712 velociusve
782 661 1062 714 miscuisse
1095 661 1371 714 toxicum?

420 733 536 787 Sed
569 735 814 787 tardiora
847 736 963 788 fata
997 739 1057 789 te
1093 736 1236 788 votis
1270 738 1528 790 manent:

423 810 649 876 Ingrata
683 810 883 862 misero
919 810 1034 863 vita
1070 811 1320 864 ducenda
1354 816 1440 864 est
1474 811 1531 863 in
1568 811 1672 866 hoc

422 884 594 936 Novis
629 888 694 938 ut
728 901 902 953 usque
941 889 1200 954 suppetas
1234 886 1525 940 laboribus

422 960 594 1028 Optat
630 960 872 1028 quietem
913 962 1129 1029 Pelopis
1164 962 1320 1014 infidi
1356 965 1531 1029 pater,

420 1035 602 1103 Egens
637 1036 907 1103 benignae
944 1036 1204 1090 Tantalus
1238 1053 1454 1105 semper
1490 1035 1618 1106 dapi

421 1110 597 1179 Optat
636 1111 998 1165 Prometheus
1034 1112 1306 1179 obligatus
1342 1113 1476 1181 aliti,

424 1186 600 1255 Optat
636 1203 892 1255 supremo
929 1187 1191 1240 collocare
1229 1188 1492 1255 Sisyphus

422 1262 490 1315 In
526 1266 713 1316 monte
749 1280 974 1328 saxum3
1022 1263 1122 1316 sed
1158 1267 1348 1316 vetant
1383 1266 1536 1334 leges
1572 1266 1610 1318 J
1614 1267 1741 1321 oviS.

420 1337 590 1391 Voles
625 1338 787 1391 modo
822 1339 946 1391 altis
984 1339 1204 1392 desilire
1240 1340 1500 1401 turribus,

420 1414 591 1467 Modo
627 1431 755 1468 ense
788 1418 981 1482 pectus
1018 1415 1217 1467 Norico
1253 1414 1555 1482 recludere,

422 1489 759 1558 Frustraque
796 1490 967 1544 vincla
1001 1490 1214 1558 gutturi
1249 1494 1438 1544 nectes
1473 1495 1571 1543 tuo

425 1565 733 1619 Fastidiosa
769 1566 946 1619 tristis
983 1567 1333 1633 aegrimonia.

420 1640 700 1695 Vectabor
734 1641 975 1695 humeris
1009 1646 1144 1695 tunc
1180 1659 1280 1709 ego
1315 1640 1549 1694 inimicis
1587 1656 1768 1709 eques2

421 1716 692 1785 Meaeque
726 1721 880 1771 terra
913 1718 1074 1771 cedet
1108 1718 1445 1771 insolentiae.

423 1793 516 1849 An
551 1809 692 1860 quae
727 1809 944 1846 movere
980 1810 1168 1847 cereas
1203 1794 1483 1861 imagineS,

422 1867 504 1921 Ut
537 1867 657 1936 ipse
692 1869 836 1921 nosti
871 1870 1129 1930 curiosus,
1165 1872 1223 1922 et
1258 1870 1382 1936 polo

422 1943 693 2011 Deripere
728 1943 913 1997 lunam
948 1945 1174 1997 vocibus
1208 1946 1411 2012 possim
1444 1942 1599 2016 meiS‚

424 2017 636 2073 Possim
669 2024 938 2073 crematos
973 2020 1213 2073 excitare
1247 2027 1494 2076 mortuos

422 2091 785 2162 Desiderique
820 2098 1129 2164 temperare
1163 2097 1370 2164 pocula,

422 2166 644 2223 Plorem
679 2169 817 2226 artis
850 2169 910 2224 in
945 2176 1006 2225 te
1039 2170 1120 2225 nil
1155 2171 1370 2242 agentis
1403 2171 1619 2235 exitus?

1902 131 1992 178 103

1945 1355 1993 1395 70
