2217 3559
288 138 378 184 130
813 124 1246 175 SATIRARUM
1281 122 1326 170 1.
1369 126 1443 172 10.

282 213 501 267 Vilibus
536 214 592 265 in
629 212 774 266 ludis
812 213 1008 266 dietari
1044 213 1284 265 carmina
1320 212 1521 265 malis?
1967 222 2012 263 'es

281 289 335 344 Ν
339 306 408 342 on
433 305 560 356 eg03
596 305 721 341 nam
747 289 880 341 satis
911 293 997 341 est
1017 289 1261 356 equitem
1281 287 1414 340 mihi
1432 287 1715 356 plaudere,
1730 289 1797 339 ut
1818 283 2009 337 audax

284 364 627 432 Contemptis
662 364 782 416 aliis
819 364 1043 433 explosa
1079 363 1391 417 Arbuscula
1426 363 1583 416 dixit.

284 439 342 493 M
348 458 415 493 en
452 443 668 492 moveat
702 441 880 492 cimex
919 438 1203 504 Pantilius,
1240 443 1339 492 aut
1373 439 1583 492 cruciet
1619 435 1767 506 quod

285 515 519 569 Vellicet
555 515 837 568 absentem
876 514 1208 579 DemetriuS,
1247 518 1345 567 aut
1381 514 1531 582 quod
1566 515 1791 580 ineptus

292 590 534 645 Fannius
563 590 925 658 Hermogenis
959 589 1146 642 laedat
1180 589 1405 642 conviva
1441 587 1675 655 Tigelli?
1963 601 2011 639 so

289 666 498 720 Plotius
532 669 591 720 et
627 665 840 731 Varius,
880 666 1172 718 Maecenas
1210 664 1604 732 Virgiliusque,

288 741 514 809 Valgius
550 745 608 795 et
642 741 842 808 probet
878 741 1014 794 haec
1052 740 1327 808 OctaviuS,
1363 740 1604 809 optimus
1639 742 1810 806 atque

288 817 494 870 Fuscus
530 820 589 870 et
624 816 756 869 haee
790 817 1001 870 utinam
1037 816 1328 869 Viscorum
1364 816 1555 870 laudet
1570 818 1861 884 ·uterque!

288 892 608 946 Ambitione
644 893 889 960 relegata
922 896 981 945 te
1019 892 1203 945 dicere
1238 909 1474 960 possum,

291 968 477 1033 Pollio,
513 971 586 1033 te,
614 967 894 1033 Messalla,
932 972 1028 1021 tuo
1064 984 1187 1020 cum
1223 967 1410 1036 fmtre,
1447 967 1720 1036 simulque
1962 980 2010 1019 83

290 1045 418 1111 Vos,
458 1043 653 1097 Bibule
689 1047 749 1097 et
785 1044 955 1110 Servi,
995 1043 1155 1096 simul
1191 1042 1277 1096 his
1313 1048 1386 1110 te,
1424 1043 1657 1096 candide
1695 1043 1887 1110 Furni,

289 1120 610 1188 Complures
644 1119 792 1186 alios,
828 1119 1016 1172 doctos
1053 1136 1154 1186 ego
1191 1135 1328 1188 quos
1364 1122 1423 1172 et
1456 1119 1659 1172 amicos

292 1196 542 1249 Prudens
576 1198 899 1264 praetere03
936 1194 1134 1262 quibus
1168 1193 1317 1259 haec,
1347 1199 1483 1247 sunt
1517 1193 1940 1263 qualiacunque,

294 1271 559 1325 Arridere
595 1270 771 1338 velim,
808 1269 1078 1323 doliturus
1116 1268 1161 1321 si
1196 1268 1446 1337 placeant
1481 1284 1581 1338 spe

293 1347 548 1400 Deterius
583 1350 781 1399 nostra.
854 1344 1118 1410 Demetri,
1154 1347 1337 1412 teque,
1376 1343 1585 1411 Tigelli,
1954 1361 2005 1400 ⁹⁰

295 1422 687 1490 Discipularum
723 1420 870 1473 inter
897 1419 1070 1487 jubeo
1104 1420 1318 1487 plorare
1352 1419 1655 1473 cathedras.

296 1498 343 1567 I,
373 1514 528 1568 puer,
560 1500 726 1567 atque
759 1511 882 1550 meo
917 1496 1057 1549 citus
1091 1495 1227 1548 haec
1260 1493 1541 1568 subscribe
1571 1494 1776 1551 libello.

2169 1776 2172 1793 -
2145 1352 2175 1761 ἤιε-...μ-ῌ-
2171 1164 2174 1309 *Q
2173 974 2174 1117 ᾼΛᾼᾼῌΑ
