2217 3559
720 122 1228 173 EPISTOLARUM
1264 124 1339 173 ΙΙ.
1376 125 1423 174 2.
1843 123 1934 174 193

1048 268 1126 323 ΙΙ.

210 365 443 432 noma,
478 365 621 419 bono
658 365 910 432 claroque
946 363 1127 417 fidelis
1162 364 1335 416 amice
1372 360 1591 427 Neroni,

213 443 277 496 Si
321 443 452 511 quis
486 442 630 495 forte
666 441 801 494 velit
835 457 1064 509 puerum
1100 439 1204 493 tibi
1240 438 1481 492 vendere
1516 443 1705 491 natum

214 518 435 572 Tibure
470 518 556 571 vel
595 516 797 585 Gabiis,
834 521 891 570 et
927 521 1108 570 tecum
1145 516 1222 569 sie
1256 518 1410 583 agat:
1449 513 1600 567 “Hic
1637 520 1696 567 et

218 594 516 647 Candidus
552 597 611 647 et
644 593 786 646 talos
817 609 852 645 a
883 593 1087 646 vertice
1120 591 1348 661 pulcher
1383 590 1455 644 ad
1489 590 1628 643 imos

220 668 357 722 Fiet
394 670 611 737 eritque
645 673 774 723 tuus
808 685 1151 722 nummorum
1188 666 1427 719 millibus
1463 670 1600 732 oct0‚
1918 679 1939 719 5

221 743 419 798 Vei-na
454 744 767 797 ministeriis
803 744 876 797 ad
908 749 1075 798 nutus
1111 747 1273 813 aptus
1307 741 1522 809 heriles»,

223 820 522 874 Litterulis
561 821 782 874 Graecis
820 820 1077 888 imbutus,
1115 820 1344 873 idoneus
1380 818 1489 873 arti

225 896 503 958 Cuilibet;
539 896 733 965 argilla
766 896 984 966 quidvis
1019 896 1323 950 imitaberis
1357 894 1470 948 uda
1485 914 1498 959 3

225 974 377 1037 Quin
416 975 581 1027 etiam
617 978 777 1027 canet
812 973 1091 1027 indoctum
1127 972 1226 1026 sed
1262 971 1422 1024 dulce
1458 968 1694 1024 bibenti:

226 1049 414 1103 Multa
448 1051 616 1103 fidem
652 1051 917 1118 promissa
951 1050 1152 1117 levant,
1186 1047 1281 1102 ubi
1316 1047 1528 1116 plenius
1563 1063 1737 1109 aequo
1895 1058 1937 1097 ιο

228 1124 451 1178 Laudat
485 1126 701 1178 venales
738 1125 831 1193 qui
868 1125 985 1178 vult
1020 1124 1318 1178 extrudere
1354 1140 1577 1176 merces.

230 1200 347 1254 Res
381 1204 546 1269 urget
581 1217 668 1253 me
704 1202 882 1266 uulla;
916 1218 1036 1253 meo
1072 1217 1192 1252 sum
1227 1216 1434 1268 pauper
1468 1200 1525 1251 in
1560 1215 1700 1253 aere.

227 1276 410 1331 Nemo
447 1278 548 1330 hoc
581 1293 908 1344 mangonum
943 1277 1149 1330 faceret
1182 1275 1315 1341 tibi;
1350 1292 1456 1328 non
1493 1279 1701 1329 temere
1737 1292 1770 1327 a
1804 1291 1893 1328 mo

230 1352 421 1416 Quivis
457 1353 629 1405 ferret
663 1352 827 1406 idem.
898 1352 1079 1406 Semel
1114 1351 1204 1405 hic
1239 1352 1471 1404 cessavit
1507 1354 1578 1417 et,
1616 1360 1679 1404 ut
1716 1352 1795 1408 fit.

230 1427 301 1480 In
339 1428 498 1481 scalis
531 1429 696 1482 latuit
729 1432 980 1482 metuens
1014 1427 1302 1496 pendentis
1338 1426 1628 1481 habenae.’'
1893 1440 1934 1479 15

229 1504 348 1557 Des
384 1520 647 1571 nummoS‚
684 1508 914 1573 excepta
948 1503 1081 1556 nihil
1120 1507 1178 1556 te
1213 1503 1259 1555 si
1293 1502 1423 1570 fuga
1456 1502 1657 1569 laedat,

232 1580 337 1634 Ille
371 1580 515 1634 ferat
549 1581 787 1649 pretium
821 1597 1028 1648 poenae
1064 1596 1300 1646 securus,
1337 1579 1556 1648 opinor3

232 1655 486 1708 Prudens
522 1656 704 1709 emisti
739 1656 1023 1720 vitiosum;
1059 1656 1209 1708 dicta
1242 1654 1346 1708 tibi
1382 1659 1468 1708 est
1502 1654 1618 1707 lex:

235 1731 549 1799 Insequeris
584 1735 768 1785 tamen
804 1731 946 1784 hunc
981 1735 1039 1784 et
1075 1729 1174 1784 lite
1209 1731 1439 1783 moraris
1473 1731 1693 1798 iniqua?

231 1805 362 1859 Dixi
396 1824 486 1860 me
520 1807 737 1874 pigrum
773 1805 1135 1875 proficiscenti
1171 1806 1289 1872 tibi,
1326 1806 1440 1858 dixi
1889 1819 1936 1857 20

231 1882 450 1935 Talibus
486 1883 674 1935 officiis
708 1899 878 1950 prope
913 1899 1179 1949 mancum,
1215 1898 1284 1935 ne
1319 1899 1442 1934 mea
1478 1897 1668 1934 saevus

229 1958 498 2026 Jurgares
533 1958 605 2011 ad
638 1970 698 2011 te
734 1958 881 2025 quod
917 1958 1150 2026 epistola
1183 1957 1332 2010 nulla
1366 1957 1591 2010 rediret.

231 2033 380 2097 Quid
415 2038 533 2087 tum
569 2035 774 2103 profeci
810 2051 1022 2088 mecum
1059 2034 1315 2087 facientia
1340 2034 1472 2101 jura

231 2109 289 2162 Si
327 2113 512 2163 tamen
550 2111 829 2163 attentas?
905 2109 1162 2172 Quereris
1198 2127 1361 2177 super
1395 2110 1497 2162 hoe
1533 2109 1713 2175 etiam,
1751 2106 1899 2176 quod

232 2184 564 2254 Exspectata
599 2186 703 2239 tibi
738 2203 846 2238 non
881 2187 1097 2238 mittam
1135 2186 1373 2238 earmina
1409 2184 1668 2238 mendax,
1887 2198 1933 2236 23

232 2260 443 2315 Luculli
480 2262 635 2315 miles
670 2261 896 2315 collecta
934 2262 1125 2315 viatica
1160 2262 1348 2314 multis
1805 2269 1828 2280 ·“

234 2338 545 2401 Aerumnis,
582 2338 759 2391 lassus
794 2338 926 2391 dum
961 2343 1126 2391 noctu
1163 2338 1364 2404 stertit,
1403 2336 1476 2390 ad
1509 2353 1686 2389 assem

232 2413 592 2477 Perdiderat3
624 2419 751 2482 post
786 2414 887 2466 hoc
923 2414 1213 2466 vehemens
1246 2413 1407 2482 lupus
1444 2417 1502 2465 et
1537 2412 1641 2465 sibi
1677 2415 1737 2465 et
1770 2409 1914 2463 hosti

233 2489 419 2543 Iratus
455 2490 676 2557 pariter,
705 2488 914 2558 jejunis
950 2489 1208 2542 dentibus
1244 2506 1382 2549 acer,

237 2565 575 2619 Praesidium
610 2565 795 2633 regale
830 2565 947 2618 loco
983 2565 1204 2632 dejecit,
1240 2569 1304 2618 ut
1339 2565 1507 2630 aiunt,
1892 2577 1936 2616 aa

234 2642 455 2695 Summe
491 2642 701 2694 munito
739 2646 798 2694 et
832 2641 1128 2694 multarum
1165 2640 1335 2694 divite
1372 2657 1572 2695 rerum.

235 2718 425 2771 Clarus
460 2717 531 2770 ob
568 2716 627 2768 id
662 2718 866 2770 factum
903 2715 1059 2769 donis
1095 2729 1321 2769 ornatur
1355 2716 1613 2782 honestiS,

235 2793 452 2861 Accipit
489 2797 548 2847 et
583 2792 667 2845 bis
704 2793 847 2847 dena
883 2809 1048 2860 super
1083 2796 1340 2846 sestertia
1373 2807 1670 2845 nummum.

234 2869 402 2922 Forte
438 2869 540 2922 sub
574 2870 675 2922 hoc
710 2872 928 2936 tempus
963 2869 1246 2921 castellum
1284 2874 1530 2922 evertere
1564 2869 1788 2936 praetor

234 2945 431 2999 Nescio
468 2945 616 3013 quod
651 2946 874 3013 cupiens
908 2945 1117 2998 hortari
1152 2946 1333 3013 coepit
1368 2944 1601 2997 eundem

234 3019 434 3074 Verbis
471 3038 611 3089 quae
646 3021 840 3074 timido
877 3039 1093 3090 quoque
1129 3025 1350 3090 possent
1385 3020 1589 3073 addere
1624 3022 1890 3073 mentem:

233 3095 319 3163 “1,
354 3096 509 3164 bone,
548 3113 656 3165 quo
692 3098 867 3151 virtus
903 3101 1001 3150 tua
1036 3102 1093 3150 te
1130 3102 1298 3156 vocat,
1333 3097 1353 3150 i
1387 3096 1530 3164 pede
1565 3097 1758 3158 fausto,

235 3171 475 3225 Grandia
511 3172 722 3226 laturus
757 3174 1079 3226 meritorum
1115 3171 1372 3240 praemia.
1445 3171 1589 3236 Quid
1626 3176 1738 3225 stas
1751 3169 1812 3225 '1²'
