2217 3559
320 96 382 146 52

868 94 1176 143 HORATII
1212 93 1475 143 FLACCI

593 174 705 228 Hic
740 173 862 227 dies
896 191 1036 226 anno
1072 175 1342 227 redeunte
1376 176 1553 228 festus

597 249 871 303 Corticem
906 250 1230 303 adstrictum
1265 251 1385 317 pice
1422 250 1726 306 dimovebit
1983 268 2042 309 ιο

597 326 916 394 Alnphorae
951 327 1160 378 fumum
1195 326 1387 379 bibere
1423 326 1711 381 institutae

667 401 903 455 Consule
939 402 1107 455 Tullo·

597 477 779 544 Sume,
819 478 1120 545 Maecenas,
1156 477 1377 545 cyathos
1412 479 1572 531 amici

601 553 834 620 Sospitis
868 557 1085 606 centum
1122 558 1180 605 et
1214 553 1404 619 vigiles
1439 553 1686 606 lucernas

599 627 795 682 Perfer
828 628 885 680 in
920 628 1133 692 lucem;
1167 628 1355 696 procul
1391 628 1565 681 onmis
1601 631 1720 682 esto
1993 641 2047 683 1⁸

670 703 890 756 Clamor
925 708 984 757 et
1017 704 1114 757 ira.

601 778 769 832 Mitte
804 779 988 831 civiles
1025 794 1189 846 super
1223 777 1361 831 urbe
1397 794 1585 835 curasz

601 853 820 906 Occidit
856 853 992 906 Daci
1030 854 1302 907 Cotisonis
1337 870 1547 921 agmen,

599 927 802 983 Medus
836 929 1069 982 infestus
1105 930 1212 982 sibi
1244 929 1504 982 luctuosis

669 1003 916 1056 Dissidet
949 1004 1131 1071 armi23‚
1991 1019 2045 1060 εἰ)

601 1078 784 1133 Servit
820 1079 1101 1147 Hispanae
1136 1081 1296 1132 vetus
1330 1078 1505 1134 hostis
1540 1095 1669 1133 orae

603 1154 879 1208 Cantaber
914 1171 1036 1208 sera
1071 1154 1311 1207 domitus
1345 1157 1573 1219 catena3

600 1229 729 1284 Jam
767 1229 998 1297 Scythae
1033 1230 1157 1282 laxo
1191 1228 1533 1282 meditantur
1566 1246 1699 1284 arcu

670 1305 885 1358 Cedere
921 1305 1139 1373 campis·

601 1380 654 1435 N
659 1382 914 1447 eglcgens
947 1398 1019 1434 ne
1055 1397 1165 1449 qua
1198 1380 1435 1448 populus
1469 1380 1682 1433 laboret
1994 1395 2049 1437 23

603 1455 774 1509 Parce
807 1456 1053 1524 privatus
1087 1456 1315 1507 nimium
1350 1457 1574 1508 cavere:

601 1530 761 1585 Dona
794 1531 1098 1598 praesentis
1134 1547 1268 1600 cape
1301 1530 1491 1584 laetus·
1515 1530 1681 1583 horae
1716 1532 1776 1584 et

673 1606 883 1674 Linque
919 1622 1121 1659 severa.

1126 1746 1227 1799 IX.

605 1829 800 1885 Domo
834 1835 1025 1897 gratus
1061 1845 1211 1881 cram
1247 1828 1353 1882 tibi

672 1905 724 1957 N
729 1921 792 1957 ec
827 1905 1114 1972 quisquam
1149 1904 1330 1970 potior
1365 1901 1588 1955 brachia
1626 1901 1894 1957 candidae

605 1980 816 2035 Cervici
842 1980 1062 2046 juvenis
1098 1978 1283 2043 dabat,

674 2056 974 2108 Persarum,
998 2054 1147 2121 vigui
1171 2071 1303 2120 rege
1339 2053 1563 2107 beatior.

603 2131 793 2185 Donec
827 2148 934 2183 non
969 2130 1075 2182 alia
1111 2130 1285 2196 magis
2019 2142 2049 2184 ε

676 2207 880 2260 Arsisti
916 2222 1093 2274 neque
1131 2209 1252 2258 erat
1289 2204 1462 2272 Lydia
1495 2207 1621 2273 post
1658 2203 1882 2270 Chloen,

605 2282 770 2336 Multi
808 2281 982 2349 Lydia
1016 2280 1251 2333 nominis

676 2357 918 2409 Romana
952 2355 1099 2422 vigui
1136 2353 1333 2407 clarior
1369 2353 1485 2408 Ilia„

605 2431 700 2486 Me
736 2449 879 2485 nunc
914 2432 1151 2484 Thressa
1188 2429 1354 2483 Chloe
1391 2430 1538 2496 regit

675 2507 877 2559 Dulces
913 2506 1076 2559 docta
1109 2504 1300 2557 modos
1336 2508 1396 2557 et
1430 2505 1671 2557 citharae
1708 2503 1905 2569 sciens,
1999 2519 2044 2557 ιο

607 2579 718 2634 Pro
754 2596 862 2647 qua
895 2596 1004 2633 non
1040 2582 1285 2632 metuam
1321 2579 1460 2631 mori

677 2655 735 2708 Si
768 2657 995 2723 parcent
1029 2655 1240 2707 animae
1274 2654 1389 2707 fata
1425 2653 1724 2722 superstiti.

607 2729 702 2784 Me
738 2734 915 2783 torret
947 2730 1066 2783 face
1101 2733 1295 2782 mutua

678 2804 903 2857 Thurini
943 2805 1126 2857 Calais
1161 2804 1305 2856 filius
1341 2803 1547 2871 Ornyti,

608 2879 716 2933 Pro
753 2896 860 2949 quo
896 2880 981 2933 bis
1016 2880 1199 2948 patiar
1232 2879 1370 2931 mori
1996 2891 2044 2933 u

677 2956 735 3007 Si
770 2957 995 3021 parcent
1029 2970 1202 3022 puero
1235 2953 1352 3005 fata
1386 2952 1685 3020 superstiti.

611 3026 756 3090 Quid
791 3028 837 3079 si
872 3028 1052 3094 prisca
1086 3028 1235 3081 redit
1272 3028 1461 3080 Venus

679 3100 1056 3169 Diductosque
1086 3101 1222 3168 jugo
1259 3101 1405 3168 cogit
1439 3106 1625 3169 aeneo,
