<?xml version="1.0" encoding="UTF-8"?>
<!DOCTYPE html PUBLIC "-//W3C//DTD XHTML 1.0 Transitional//EN"
    "http://www.w3.org/TR/xhtml1/DTD/xhtml1-transitional.dtd">
<html xmlns="http://www.w3.org/1999/xhtml" xml:lang="en" lang="en">
 <head>
  <title>
</title>
<meta http-equiv="Content-Type" content="text/html;charset=utf-8" />
  <meta name='ocr-system' content='tesseract 3.04.00' />
  <meta name='ocr-capabilities' content='ocr_page ocr_carea ocr_par ocr_line ocrx_word'/>
</head>
<body>
  <div class='ocr_page' id='page_1' title='image "./quintihoratiifl02longgoog_0140.png"; bbox 0 0 2217 3559; ppageno 0'>
   <div class='ocr_carea' id='block_1_1' title="bbox 252 115 343 163">
    <p class='ocr_par' dir='ltr' id='par_1_1' title="bbox 252 115 343 163">
     <span class='ocr_line' id='line_1_1' title="bbox 252 115 343 163; baseline -0.011 0"><span class='ocrx_word' id='word_1_1' title='bbox 252 115 343 163; x_wconf 82' lang='lat'>102</span> 
     </span>
    </p>
   </div>
   <div class='ocr_carea' id='block_1_2' title="bbox 813 109 1417 159">
    <p class='ocr_par' dir='ltr' id='par_1_2' title="bbox 813 109 1417 159">
     <span class='ocr_line' id='line_1_2' title="bbox 813 109 1417 159; baseline -0.003 0"><span class='ocrx_word' id='word_1_2' title='bbox 813 112 916 159; x_wconf 84' lang='grc' dir='ltr'>ΗΟ</span> <span class='ocrx_word' id='word_1_3' title='bbox 923 109 1122 158; x_wconf 83' lang='lat' dir='ltr'>RATII</span> <span class='ocrx_word' id='word_1_4' title='bbox 1159 109 1417 159; x_wconf 78' lang='lat' dir='ltr'><strong>FLAOGI</strong></span> 
     </span>
    </p>
   </div>
   <div class='ocr_carea' id='block_1_3' title="bbox 389 189 1787 861">
    <p class='ocr_par' dir='ltr' id='par_1_3' title="bbox 389 189 1286 255">
     <span class='ocr_line' id='line_1_3' title="bbox 389 189 1286 255; baseline -0.003 -9"><span class='ocrx_word' id='word_1_5' title='bbox 389 192 583 246; x_wconf 73' lang='lat' dir='ltr'>Setosa</span> <span class='ocrx_word' id='word_1_6' title='bbox 619 190 774 244; x_wconf 89' lang='lat' dir='ltr'>duris</span> <span class='ocrx_word' id='word_1_7' title='bbox 812 206 1015 243; x_wconf 85' lang='lat' dir='ltr'>exuere</span> <span class='ocrx_word' id='word_1_8' title='bbox 1050 189 1286 255; x_wconf 85' lang='lat' dir='ltr'>pellibus</span> 
     </span>
    </p>

    <p class='ocr_par' dir='ltr' id='par_1_4' title="bbox 392 265 1179 331">
     <span class='ocr_line' id='line_1_4' title="bbox 392 265 1179 331; baseline -0.004 -11"><span class='ocrx_word' id='word_1_9' title='bbox 392 265 681 320; x_wconf 84' lang='lat' dir='ltr'>Laboriosi</span> <span class='ocrx_word' id='word_1_10' title='bbox 716 266 954 331; x_wconf 81' lang='lat' dir='ltr'><strong>remiges</strong></span> <span class='ocrx_word' id='word_1_11' title='bbox 988 265 1179 317; x_wconf 77' lang='lat' dir='ltr'>Ulixei</span> 
     </span>
    </p>

    <p class='ocr_par' dir='ltr' id='par_1_5' title="bbox 389 339 1787 484">
     <span class='ocr_line' id='line_1_5' title="bbox 389 339 1787 404; baseline 0.001 -11"><span class='ocrx_word' id='word_1_12' title='bbox 389 341 626 395; x_wconf 79' lang='lat' dir='ltr'>Volente</span> <span class='ocrx_word' id='word_1_13' title='bbox 664 341 821 394; x_wconf 85' lang='lat' dir='ltr'>Circa</span> <span class='ocrx_word' id='word_1_14' title='bbox 856 339 1130 404; x_wconf 84' lang='lat' dir='ltr'>membra3</span> <span class='ocrx_word' id='word_1_15' title='bbox 1176 343 1308 393; x_wconf 80' lang='lat' dir='ltr'>tunc</span> <span class='ocrx_word' id='word_1_16' title='bbox 1342 356 1496 393; x_wconf 89' lang='lat' dir='ltr'>mens</span> <span class='ocrx_word' id='word_1_17' title='bbox 1531 344 1591 394; x_wconf 78' lang='lat' dir='ltr'>et</span> <span class='ocrx_word' id='word_1_18' title='bbox 1627 357 1787 394; x_wconf 87' lang='lat' dir='ltr'>sonus</span> 
     </span>
     <span class='ocr_line' id='line_1_6' title="bbox 390 415 1592 484; baseline -0.001 -13"><span class='ocrx_word' id='word_1_19' title='bbox 390 417 660 483; x_wconf 84' lang='lat' dir='ltr'>Relapsus</span> <span class='ocrx_word' id='word_1_20' title='bbox 696 419 861 484; x_wconf 79' lang='lat' dir='ltr'>atque</span> <span class='ocrx_word' id='word_1_21' title='bbox 897 419 1059 469; x_wconf 80' lang='lat' dir='ltr'>notus</span> <span class='ocrx_word' id='word_1_22' title='bbox 1094 416 1151 467; x_wconf 91' lang='lat' dir='ltr'>in</span> <span class='ocrx_word' id='word_1_23' title='bbox 1188 415 1372 468; x_wconf 73' lang='lat' dir='ltr'>vultus</span> <span class='ocrx_word' id='word_1_24' title='bbox 1408 415 1592 470; x_wconf 87' lang='lat' dir='ltr'>honor.</span> 
     </span>
    </p>

    <p class='ocr_par' dir='ltr' id='par_1_6' title="bbox 392 490 1508 560">
     <span class='ocr_line' id='line_1_7' title="bbox 392 490 1508 560; baseline -0.004 -14"><span class='ocrx_word' id='word_1_25' title='bbox 392 492 537 546; x_wconf 85' lang='lat' dir='ltr'><strong>Dedi</strong></span> <span class='ocrx_word' id='word_1_26' title='bbox 574 490 708 544; x_wconf 77' lang='lat' dir='ltr'>satis</span> <span class='ocrx_word' id='word_1_27' title='bbox 746 507 1017 560; x_wconf 84' lang='lat' dir='ltr'>superque</span> <span class='ocrx_word' id='word_1_28' title='bbox 1052 507 1354 560; x_wconf 87' lang='lat' dir='ltr'>poenarum</span> <span class='ocrx_word' id='word_1_29' title='bbox 1389 491 1508 555; x_wconf 78' lang='lat' dir='ltr'>tibi,</span> 
     </span>
    </p>

    <p class='ocr_par' dir='ltr' id='par_1_7' title="bbox 392 566 1566 621">
     <span class='ocr_line' id='line_1_8' title="bbox 392 566 1566 621; baseline -0.001 0"><span class='ocrx_word' id='word_1_30' title='bbox 392 569 595 621; x_wconf 76' lang='lat' dir='ltr'>Amata</span> <span class='ocrx_word' id='word_1_31' title='bbox 629 567 809 620; x_wconf 76' lang='lat' dir='ltr'>nautis</span> <span class='ocrx_word' id='word_1_32' title='bbox 845 567 1078 620; x_wconf 78' lang='lat' dir='ltr'>multum</span> <span class='ocrx_word' id='word_1_33' title='bbox 1115 570 1174 619; x_wconf 74' lang='lat' dir='ltr'>et</span> <span class='ocrx_word' id='word_1_34' title='bbox 1208 566 1566 620; x_wconf 78' lang='lat' dir='ltr'>institoribus,</span> 
     </span>
    </p>

    <p class='ocr_par' dir='ltr' id='par_1_8' title="bbox 393 639 1501 709">
     <span class='ocr_line' id='line_1_9' title="bbox 393 639 1501 709; baseline -0.005 -13"><span class='ocrx_word' id='word_1_35' title='bbox 393 642 559 709; x_wconf 73' lang='lat' dir='ltr'>Fugit</span> <span class='ocrx_word' id='word_1_36' title='bbox 585 641 846 708; x_wconf 83' lang='lat' dir='ltr'>juventas</span> <span class='ocrx_word' id='word_1_37' title='bbox 882 645 942 695; x_wconf 72' lang='lat' dir='ltr'>et</span> <span class='ocrx_word' id='word_1_38' title='bbox 974 639 1318 694; x_wconf 83' lang='lat' dir='ltr'>verecundus</span> <span class='ocrx_word' id='word_1_39' title='bbox 1353 639 1501 692; x_wconf 87' lang='lat' dir='ltr'>color</span> 
     </span>
    </p>

    <p class='ocr_par' dir='ltr' id='par_1_9' title="bbox 394 715 1452 786">
     <span class='ocr_line' id='line_1_10' title="bbox 394 715 1452 786; baseline -0.004 -16"><span class='ocrx_word' id='word_1_40' title='bbox 394 717 640 786; x_wconf 78' lang='lat' dir='ltr'>Reliquit</span> <span class='ocrx_word' id='word_1_41' title='bbox 676 733 798 771; x_wconf 88' lang='lat' dir='ltr'>ossa</span> <span class='ocrx_word' id='word_1_42' title='bbox 831 716 976 785; x_wconf 88' lang='lat' dir='ltr'>pelle</span> <span class='ocrx_word' id='word_1_43' title='bbox 1011 716 1210 769; x_wconf 76' lang='lat' dir='ltr'>amicta</span> <span class='ocrx_word' id='word_1_44' title='bbox 1246 715 1452 779; x_wconf 88' lang='lat' dir='ltr'>lurida;</span> 
     </span>
    </p>

    <p class='ocr_par' dir='ltr' id='par_1_10' title="bbox 390 790 1424 861">
     <span class='ocr_line' id='line_1_11' title="bbox 390 790 1424 861; baseline -0.003 -15"><span class='ocrx_word' id='word_1_45' title='bbox 390 793 519 846; x_wconf 79' lang='lat' dir='ltr'>Tuis</span> <span class='ocrx_word' id='word_1_46' title='bbox 556 793 780 861; x_wconf 83' lang='lat' dir='ltr'>capillus</span> <span class='ocrx_word' id='word_1_47' title='bbox 817 792 972 846; x_wconf 89' lang='lat' dir='ltr'>albus</span> <span class='ocrx_word' id='word_1_48' title='bbox 1009 795 1094 846; x_wconf 71' lang='lat' dir='ltr'>est</span> <span class='ocrx_word' id='word_1_49' title='bbox 1131 790 1424 855; x_wconf 83' lang='lat' dir='ltr'>odoribus3</span> 
     </span>
    </p>
   </div>
   <div class='ocr_carea' id='block_1_4' title="bbox 370 866 1576 933">
    <p class='ocr_par' dir='ltr' id='par_1_11' title="bbox 370 866 1576 933">
     <span class='ocr_line' id='line_1_12' title="bbox 370 866 1576 933; baseline -0.001 -13"><span class='ocrx_word' id='word_1_50' title='bbox 370 868 443 921; x_wconf 69' lang='lat' dir='ltr'>,N</span> <span class='ocrx_word' id='word_1_51' title='bbox 448 868 618 921; x_wconf 89' lang='lat' dir='ltr'>ullum</span> <span class='ocrx_word' id='word_1_52' title='bbox 655 868 725 921; x_wconf 89' lang='lat' dir='ltr'>ab</span> <span class='ocrx_word' id='word_1_53' title='bbox 760 867 949 921; x_wconf 86' lang='lat' dir='ltr'>labore</span> <span class='ocrx_word' id='word_1_54' title='bbox 983 884 1073 921; x_wconf 87' lang='lat' dir='ltr'>me</span> <span class='ocrx_word' id='word_1_55' title='bbox 1108 866 1339 920; x_wconf 77' lang='lat' dir='ltr'>reclinat</span> <span class='ocrx_word' id='word_1_56' title='bbox 1375 866 1576 933; x_wconf 79' lang='lat' dir='ltr'>otium3</span> 
     </span>
    </p>
   </div>
   <div class='ocr_carea' id='block_1_5' title="bbox 393 943 1775 3190">
    <p class='ocr_par' dir='ltr' id='par_1_12' title="bbox 393 943 1775 3056">
     <span class='ocr_line' id='line_1_13' title="bbox 393 943 1752 1012; baseline -0.001 -15"><span class='ocrx_word' id='word_1_57' title='bbox 393 944 571 1012; x_wconf 74' lang='lat' dir='ltr'>Urget</span> <span class='ocrx_word' id='word_1_58' title='bbox 607 943 753 999; x_wconf 84' lang='lat' dir='ltr'>diem</span> <span class='ocrx_word' id='word_1_59' title='bbox 789 961 898 997; x_wconf 84' lang='lat' dir='ltr'>nox</span> <span class='ocrx_word' id='word_1_60' title='bbox 934 947 993 997; x_wconf 76' lang='lat' dir='ltr'>et</span> <span class='ocrx_word' id='word_1_61' title='bbox 1028 943 1147 996; x_wconf 90' lang='lat' dir='ltr'>dies</span> <span class='ocrx_word' id='word_1_62' title='bbox 1181 947 1414 1009; x_wconf 76' lang='lat' dir='ltr'>noctem,</span> <span class='ocrx_word' id='word_1_63' title='bbox 1448 958 1629 1011; x_wconf 89' lang='lat' dir='ltr'>neque</span> <span class='ocrx_word' id='word_1_64' title='bbox 1666 944 1752 995; x_wconf 73' lang='lat' dir='ltr'>est</span> 
     </span>
     <span class='ocr_line' id='line_1_14' title="bbox 393 1018 1392 1088; baseline 0 -15"><span class='ocrx_word' id='word_1_65' title='bbox 393 1019 601 1074; x_wconf 85' lang='lat' dir='ltr'>Levare</span> <span class='ocrx_word' id='word_1_66' title='bbox 637 1024 794 1073; x_wconf 77' lang='lat' dir='ltr'>tenta</span> <span class='ocrx_word' id='word_1_67' title='bbox 830 1020 1026 1088; x_wconf 76' lang='lat' dir='ltr'>spiritu</span> <span class='ocrx_word' id='word_1_68' title='bbox 1059 1018 1392 1087; x_wconf 83' lang='lat' dir='ltr'>praecordia.</span> 
     </span>
     <span class='ocr_line' id='line_1_15' title="bbox 393 1094 1613 1164; baseline -0.002 -15"><span class='ocrx_word' id='word_1_69' title='bbox 393 1096 540 1164; x_wconf 85' lang='lat' dir='ltr'>Ergo</span> <span class='ocrx_word' id='word_1_70' title='bbox 575 1100 832 1163; x_wconf 74' lang='lat' dir='ltr'>negatum</span> <span class='ocrx_word' id='word_1_71' title='bbox 868 1096 1054 1148; x_wconf 85' lang='lat' dir='ltr'>vincor</span> <span class='ocrx_word' id='word_1_72' title='bbox 1086 1099 1153 1148; x_wconf 72' lang='lat' dir='ltr'>ut</span> <span class='ocrx_word' id='word_1_73' title='bbox 1188 1095 1408 1148; x_wconf 81' lang='lat' dir='ltr'>credam</span> <span class='ocrx_word' id='word_1_74' title='bbox 1444 1094 1613 1147; x_wconf 87' lang='lat' dir='ltr'>miser</span> 
     </span>
     <span class='ocr_line' id='line_1_16' title="bbox 393 1169 1429 1240; baseline -0.002 -15"><span class='ocrx_word' id='word_1_75' title='bbox 393 1172 609 1225; x_wconf 83' lang='lat' dir='ltr'>Sabella</span> <span class='ocrx_word' id='word_1_76' title='bbox 643 1175 836 1240; x_wconf 77' lang='lat' dir='ltr'>pectus</span> <span class='ocrx_word' id='word_1_77' title='bbox 871 1171 1152 1238; x_wconf 88' lang='lat' dir='ltr'>increpare</span> <span class='ocrx_word' id='word_1_78' title='bbox 1188 1169 1429 1223; x_wconf 86' lang='lat' dir='ltr'>carmina</span> 
     </span>
     <span class='ocr_line' id='line_1_17' title="bbox 394 1245 1391 1316; baseline -0.003 -14"><span class='ocrx_word' id='word_1_79' title='bbox 394 1248 682 1316; x_wconf 75' lang='lat' dir='ltr'>Caputque</span> <span class='ocrx_word' id='word_1_80' title='bbox 720 1247 904 1300; x_wconf 85' lang='lat' dir='ltr'>Marsa</span> <span class='ocrx_word' id='word_1_81' title='bbox 940 1245 1178 1299; x_wconf 82' lang='lat' dir='ltr'>dissilire</span> <span class='ocrx_word' id='word_1_82' title='bbox 1213 1246 1391 1299; x_wconf 84' lang='lat' dir='ltr'>nenia.</span> 
     </span>
     <span class='ocr_line' id='line_1_18' title="bbox 394 1320 1773 1392; baseline -0.003 -15"><span class='ocrx_word' id='word_1_83' title='bbox 394 1324 540 1388; x_wconf 85' lang='lat' dir='ltr'>Quid</span> <span class='ocrx_word' id='word_1_84' title='bbox 574 1323 805 1392; x_wconf 85' lang='lat' dir='ltr'>amplius</span> <span class='ocrx_word' id='word_1_85' title='bbox 840 1324 961 1376; x_wconf 63' lang='lat' dir='ltr'>vis?</span> <span class='ocrx_word' id='word_1_86' title='bbox 1034 1321 1079 1375; x_wconf 93' lang='lat' dir='ltr'>O</span> <span class='ocrx_word' id='word_1_87' title='bbox 1119 1339 1286 1386; x_wconf 84' lang='lat' dir='ltr'>marc,</span> <span class='ocrx_word' id='word_1_88' title='bbox 1323 1339 1355 1374; x_wconf 93' lang='lat' dir='ltr'>o</span> <span class='ocrx_word' id='word_1_89' title='bbox 1389 1325 1553 1387; x_wconf 75' lang='lat' dir='ltr'>terra,</span> <span class='ocrx_word' id='word_1_90' title='bbox 1591 1320 1773 1389; x_wconf 85' lang='lat' dir='ltr'>arde0‚</span> 
     </span>
     <span class='ocr_line' id='line_1_19' title="bbox 395 1398 1662 1467; baseline -0.003 -13"><span class='ocrx_word' id='word_1_91' title='bbox 395 1401 671 1463; x_wconf 75' lang='lat' dir='ltr'>Quantum</span> <span class='ocrx_word' id='word_1_92' title='bbox 705 1416 883 1467; x_wconf 88' lang='lat' dir='ltr'>neque</span> <span class='ocrx_word' id='word_1_93' title='bbox 918 1403 1040 1452; x_wconf 80' lang='lat' dir='ltr'>atro</span> <span class='ocrx_word' id='word_1_94' title='bbox 1075 1398 1353 1451; x_wconf 84' lang='lat' dir='ltr'>delibutus</span> <span class='ocrx_word' id='word_1_95' title='bbox 1391 1398 1662 1451; x_wconf 86' lang='lat' dir='ltr'>Hercules</span> 
     </span>
     <span class='ocr_line' id='line_1_20' title="bbox 395 1473 1408 1541; baseline -0.003 -13"><span class='ocrx_word' id='word_1_96' title='bbox 395 1476 558 1529; x_wconf 80' lang='lat' dir='ltr'>Nessi</span> <span class='ocrx_word' id='word_1_97' title='bbox 591 1492 796 1541; x_wconf 88' lang='lat' dir='ltr'>cruore,</span> <span class='ocrx_word' id='word_1_98' title='bbox 833 1491 935 1528; x_wconf 90' lang='lat' dir='ltr'>nec</span> <span class='ocrx_word' id='word_1_99' title='bbox 972 1475 1165 1527; x_wconf 84' lang='lat' dir='ltr'>Sicana</span> <span class='ocrx_word' id='word_1_100' title='bbox 1198 1473 1408 1526; x_wconf 84' lang='lat' dir='ltr'>fervida</span> 
     </span>
     <span class='ocr_line' id='line_1_21' title="bbox 395 1548 1682 1614; baseline -0.001 -11"><span class='ocrx_word' id='word_1_101' title='bbox 395 1552 594 1605; x_wconf 85' lang='lat' dir='ltr'>Virens</span> <span class='ocrx_word' id='word_1_102' title='bbox 629 1553 686 1604; x_wconf 90' lang='lat' dir='ltr'>iu</span> <span class='ocrx_word' id='word_1_103' title='bbox 723 1554 906 1604; x_wconf 74' lang='lat' dir='ltr'>Aetna</span> <span class='ocrx_word' id='word_1_104' title='bbox 943 1551 1195 1614; x_wconf 82' lang='lat' dir='ltr'>flamma3</span> <span class='ocrx_word' id='word_1_105' title='bbox 1240 1552 1305 1602; x_wconf 76' lang='lat' dir='ltr'>tu</span> <span class='ocrx_word' id='word_1_106' title='bbox 1342 1548 1514 1602; x_wconf 90' lang='lat' dir='ltr'>donec</span> <span class='ocrx_word' id='word_1_107' title='bbox 1548 1548 1682 1602; x_wconf 84' lang='lat' dir='ltr'>cinis</span> 
     </span>
     <span class='ocr_line' id='line_1_22' title="bbox 396 1626 1295 1696; baseline -0.003 -16"><span class='ocrx_word' id='word_1_108' title='bbox 396 1627 680 1696; x_wconf 88' lang='lat' dir='ltr'>Injuriosis</span> <span class='ocrx_word' id='word_1_109' title='bbox 715 1627 900 1680; x_wconf 85' lang='lat' dir='ltr'>aridus</span> <span class='ocrx_word' id='word_1_110' title='bbox 936 1626 1116 1679; x_wconf 71' lang='lat' dir='ltr'>ventis</span> <span class='ocrx_word' id='word_1_111' title='bbox 1150 1626 1295 1677; x_wconf 85' lang='lat' dir='ltr'>ferar</span> 
     </span>
     <span class='ocr_line' id='line_1_23' title="bbox 399 1701 1377 1757; baseline -0.003 0"><span class='ocrx_word' id='word_1_112' title='bbox 399 1704 556 1757; x_wconf 84' lang='lat' dir='ltr'>Cales</span> <span class='ocrx_word' id='word_1_113' title='bbox 592 1702 816 1756; x_wconf 79' lang='lat' dir='ltr'>venenis</span> <span class='ocrx_word' id='word_1_114' title='bbox 851 1702 1062 1755; x_wconf 88' lang='lat' dir='ltr'>officina</span> <span class='ocrx_word' id='word_1_115' title='bbox 1099 1701 1377 1755; x_wconf 82' lang='lat' dir='ltr'>Colchicis,</span> 
     </span>
     <span class='ocr_line' id='line_1_24' title="bbox 397 1775 1768 1847; baseline -0.002 -15"><span class='ocrx_word' id='word_1_116' title='bbox 397 1780 549 1843; x_wconf 84' lang='lat' dir='ltr'>Quae</span> <span class='ocrx_word' id='word_1_117' title='bbox 584 1779 707 1832; x_wconf 89' lang='lat' dir='ltr'>finis</span> <span class='ocrx_word' id='word_1_118' title='bbox 742 1781 838 1832; x_wconf 73' lang='lat' dir='ltr'>aut</span> <span class='ocrx_word' id='word_1_119' title='bbox 874 1777 1022 1847; x_wconf 91' lang='lat' dir='ltr'>quod</span> <span class='ocrx_word' id='word_1_120' title='bbox 1057 1793 1147 1829; x_wconf 85' lang='lat' dir='ltr'>me</span> <span class='ocrx_word' id='word_1_121' title='bbox 1181 1780 1366 1829; x_wconf 77' lang='lat' dir='ltr'>manet</span> <span class='ocrx_word' id='word_1_122' title='bbox 1402 1775 1768 1843; x_wconf 65' lang='lat' dir='ltr'>stipendium?</span> 
     </span>
     <span class='ocr_line' id='line_1_25' title="bbox 398 1851 1567 1921; baseline -0.005 -12"><span class='ocrx_word' id='word_1_123' title='bbox 398 1855 607 1921; x_wconf 77' lang='lat' dir='ltr'>Effar03</span> <span class='ocrx_word' id='word_1_124' title='bbox 645 1854 829 1921; x_wconf 84' lang='lat' dir='ltr'>jussas</span> <span class='ocrx_word' id='word_1_125' title='bbox 865 1870 987 1907; x_wconf 89' lang='lat' dir='ltr'>cum</span> <span class='ocrx_word' id='word_1_126' title='bbox 1024 1853 1136 1906; x_wconf 85' lang='lat' dir='ltr'>fide</span> <span class='ocrx_word' id='word_1_127' title='bbox 1170 1869 1372 1920; x_wconf 89' lang='lat' dir='ltr'>poenas</span> <span class='ocrx_word' id='word_1_128' title='bbox 1406 1851 1567 1919; x_wconf 86' lang='lat' dir='ltr'>luam,</span> 
     </span>
     <span class='ocr_line' id='line_1_26' title="bbox 399 1928 1378 1997; baseline -0.005 -12"><span class='ocrx_word' id='word_1_129' title='bbox 399 1931 630 1985; x_wconf 79' lang='lat' dir='ltr'>Paratus</span> <span class='ocrx_word' id='word_1_130' title='bbox 666 1930 901 1997; x_wconf 79' lang='lat' dir='ltr'>expiare,</span> <span class='ocrx_word' id='word_1_131' title='bbox 937 1946 1035 1983; x_wconf 89' lang='lat' dir='ltr'>seu</span> <span class='ocrx_word' id='word_1_132' title='bbox 1069 1928 1378 1996; x_wconf 83' lang='lat' dir='ltr'>poposceris</span> 
     </span>
     <span class='ocr_line' id='line_1_27' title="bbox 398 2002 1524 2072; baseline -0.005 -12"><span class='ocrx_word' id='word_1_133' title='bbox 398 2007 632 2061; x_wconf 79' lang='lat' dir='ltr'>Centum</span> <span class='ocrx_word' id='word_1_134' title='bbox 659 2004 940 2072; x_wconf 85' lang='lat' dir='ltr'>juvencos,</span> <span class='ocrx_word' id='word_1_135' title='bbox 976 2004 1089 2058; x_wconf 88' lang='lat' dir='ltr'>sive</span> <span class='ocrx_word' id='word_1_136' title='bbox 1126 2003 1374 2056; x_wconf 86' lang='lat' dir='ltr'>mendaci</span> <span class='ocrx_word' id='word_1_137' title='bbox 1409 2002 1524 2070; x_wconf 81' lang='lat' dir='ltr'>lyra</span> 
     </span>
     <span class='ocr_line' id='line_1_28' title="bbox 397 2079 1495 2150; baseline -0.005 -14"><span class='ocrx_word' id='word_1_138' title='bbox 397 2083 566 2136; x_wconf 90' lang='lat' dir='ltr'>Voles</span> <span class='ocrx_word' id='word_1_139' title='bbox 601 2081 814 2136; x_wconf 85' lang='lat' dir='ltr'>sonari:</span> <span class='ocrx_word' id='word_1_140' title='bbox 863 2082 943 2133; x_wconf 87' lang='lat' dir='ltr'>Tu</span> <span class='ocrx_word' id='word_1_141' title='bbox 978 2080 1190 2150; x_wconf 85' lang='lat' dir='ltr'>pudica,</span> <span class='ocrx_word' id='word_1_142' title='bbox 1225 2084 1288 2132; x_wconf 83' lang='lat' dir='ltr'>tu</span> <span class='ocrx_word' id='word_1_143' title='bbox 1322 2079 1495 2146; x_wconf 81' lang='lat' dir='ltr'>proba</span> 
     </span>
     <span class='ocr_line' id='line_1_29' title="bbox 399 2156 1455 2220; baseline -0.005 -9"><span class='ocrx_word' id='word_1_144' title='bbox 399 2156 811 2212; x_wconf 85' lang='lat' dir='ltr'>Perambulabis</span> <span class='ocrx_word' id='word_1_145' title='bbox 846 2163 995 2220; x_wconf 75' lang='lat' dir='ltr'>astra</span> <span class='ocrx_word' id='word_1_146' title='bbox 1030 2156 1182 2209; x_wconf 92' lang='lat' dir='ltr'>sidus</span> <span class='ocrx_word' id='word_1_147' title='bbox 1217 2171 1455 2207; x_wconf 89' lang='lat' dir='ltr'>aureum.</span> 
     </span>
     <span class='ocr_line' id='line_1_30' title="bbox 400 2229 1617 2287; baseline -0.002 -1"><span class='ocrx_word' id='word_1_148' title='bbox 400 2234 626 2287; x_wconf 86' lang='lat' dir='ltr'>Infamis</span> <span class='ocrx_word' id='word_1_149' title='bbox 664 2233 911 2286; x_wconf 85' lang='lat' dir='ltr'>Helenae</span> <span class='ocrx_word' id='word_1_150' title='bbox 949 2233 1143 2285; x_wconf 75' lang='lat' dir='ltr'>Castor</span> <span class='ocrx_word' id='word_1_151' title='bbox 1177 2232 1409 2284; x_wconf 87' lang='lat' dir='ltr'>offensus</span> <span class='ocrx_word' id='word_1_152' title='bbox 1444 2229 1617 2283; x_wconf 87' lang='lat' dir='ltr'>vicem</span> 
     </span>
     <span class='ocr_line' id='line_1_31' title="bbox 400 2308 1563 2377; baseline -0.004 -13"><span class='ocrx_word' id='word_1_153' title='bbox 400 2310 704 2377; x_wconf 78' lang='lat' dir='ltr'>Fraterque</span> <span class='ocrx_word' id='word_1_154' title='bbox 740 2309 922 2375; x_wconf 81' lang='lat' dir='ltr'>magni</span> <span class='ocrx_word' id='word_1_155' title='bbox 961 2308 1201 2362; x_wconf 82' lang='lat' dir='ltr'>Castoris</span> <span class='ocrx_word' id='word_1_156' title='bbox 1238 2308 1366 2360; x_wconf 75' lang='lat' dir='ltr'>victi</span> <span class='ocrx_word' id='word_1_157' title='bbox 1402 2322 1563 2374; x_wconf 86' lang='lat' dir='ltr'>prece</span> 
     </span>
     <span class='ocr_line' id='line_1_32' title="bbox 402 2382 1411 2453; baseline -0.006 -13"><span class='ocrx_word' id='word_1_158' title='bbox 402 2386 683 2453; x_wconf 80' lang='lat' dir='ltr'>Adempta</span> <span class='ocrx_word' id='word_1_159' title='bbox 716 2384 828 2437; x_wconf 79' lang='lat' dir='ltr'>vati</span> <span class='ocrx_word' id='word_1_160' title='bbox 863 2383 1160 2437; x_wconf 87' lang='lat' dir='ltr'>reddidere</span> <span class='ocrx_word' id='word_1_161' title='bbox 1194 2382 1411 2435; x_wconf 82' lang='lat' dir='ltr'>lumina.</span> 
     </span>
     <span class='ocr_line' id='line_1_33' title="bbox 401 2456 1594 2530; baseline -0.005 -15"><span class='ocrx_word' id='word_1_162' title='bbox 401 2462 476 2515; x_wconf 75' lang='lat' dir='ltr'>Et</span> <span class='ocrx_word' id='word_1_163' title='bbox 509 2466 589 2530; x_wconf 80' lang='lat' dir='ltr'>tu,</span> <span class='ocrx_word' id='word_1_164' title='bbox 622 2464 779 2529; x_wconf 84' lang='lat' dir='ltr'>potes</span> <span class='ocrx_word' id='word_1_165' title='bbox 815 2477 954 2526; x_wconf 88' lang='lat' dir='ltr'>nam,</span> <span class='ocrx_word' id='word_1_166' title='bbox 992 2459 1139 2512; x_wconf 84' lang='lat' dir='ltr'>solve</span> <span class='ocrx_word' id='word_1_167' title='bbox 1174 2475 1263 2511; x_wconf 91' lang='lat' dir='ltr'>me</span> <span class='ocrx_word' id='word_1_168' title='bbox 1301 2456 1594 2525; x_wconf 76' lang='lat' dir='ltr'>dementia,</span> 
     </span>
     <span class='ocr_line' id='line_1_34' title="bbox 401 2534 1447 2604; baseline -0.005 -14"><span class='ocrx_word' id='word_1_169' title='bbox 401 2537 449 2590; x_wconf 87' lang='grc' dir='ltr'><strong>Ο</strong></span> <span class='ocrx_word' id='word_1_170' title='bbox 485 2552 585 2590; x_wconf 90' lang='lat' dir='ltr'>nec</span> <span class='ocrx_word' id='word_1_171' title='bbox 617 2535 863 2604; x_wconf 78' lang='lat' dir='ltr'>paternis</span> <span class='ocrx_word' id='word_1_172' title='bbox 897 2535 1143 2588; x_wconf 73' lang='lat' dir='ltr'>obsoleta</span> <span class='ocrx_word' id='word_1_173' title='bbox 1178 2534 1447 2600; x_wconf 87' lang='lat' dir='ltr'>sordibus,</span> 
     </span>
     <span class='ocr_line' id='line_1_35' title="bbox 402 2607 1775 2682; baseline -0.006 -16"><span class='ocrx_word' id='word_1_174' title='bbox 402 2612 600 2682; x_wconf 75' lang='lat' dir='ltr'>Neque</span> <span class='ocrx_word' id='word_1_175' title='bbox 636 2612 693 2665; x_wconf 90' lang='lat' dir='ltr'>in</span> <span class='ocrx_word' id='word_1_176' title='bbox 731 2611 991 2679; x_wconf 86' lang='lat' dir='ltr'>sepulcris</span> <span class='ocrx_word' id='word_1_177' title='bbox 1026 2626 1327 2679; x_wconf 84' lang='lat' dir='ltr'>pauperum</span> <span class='ocrx_word' id='word_1_178' title='bbox 1363 2607 1607 2676; x_wconf 88' lang='lat' dir='ltr'>prudens</span> <span class='ocrx_word' id='word_1_179' title='bbox 1644 2621 1775 2659; x_wconf 82' lang='lat' dir='ltr'>anus</span> 
     </span>
     <span class='ocr_line' id='line_1_36' title="bbox 403 2684 1373 2755; baseline -0.006 -13"><span class='ocrx_word' id='word_1_180' title='bbox 403 2690 455 2743; x_wconf 89' lang='lat' dir='ltr'>N</span> <span class='ocrx_word' id='word_1_181' title='bbox 460 2686 768 2741; x_wconf 88' lang='lat' dir='ltr'>ovendiales</span> <span class='ocrx_word' id='word_1_182' title='bbox 805 2686 1070 2755; x_wconf 86' lang='lat' dir='ltr'>dissipare</span> <span class='ocrx_word' id='word_1_183' title='bbox 1105 2684 1373 2754; x_wconf 85' lang='lat' dir='ltr'>pulveres.</span> 
     </span>
     <span class='ocr_line' id='line_1_37' title="bbox 403 2762 1589 2831; baseline -0.007 -14"><span class='ocrx_word' id='word_1_184' title='bbox 403 2763 525 2817; x_wconf 83' lang='lat' dir='ltr'>Tibi</span> <span class='ocrx_word' id='word_1_185' title='bbox 559 2762 828 2831; x_wconf 74' lang='lat' dir='ltr'>hospitale</span> <span class='ocrx_word' id='word_1_186' title='bbox 863 2765 1053 2830; x_wconf 77' lang='lat' dir='ltr'>pectus</span> <span class='ocrx_word' id='word_1_187' title='bbox 1090 2765 1150 2814; x_wconf 74' lang='lat' dir='ltr'>et</span> <span class='ocrx_word' id='word_1_188' title='bbox 1183 2777 1350 2828; x_wconf 74' lang='lat' dir='ltr'>purae</span> <span class='ocrx_word' id='word_1_189' title='bbox 1385 2774 1589 2823; x_wconf 52' lang='lat' dir='ltr'>manus</span> 
     </span>
     <span class='ocr_line' id='line_1_38' title="bbox 404 2837 1516 2905; baseline -0.005 -13"><span class='ocrx_word' id='word_1_190' title='bbox 404 2839 659 2905; x_wconf 71' lang='lat' dir='ltr'>&#39;suusque</span> <span class='ocrx_word' id='word_1_191' title='bbox 694 2841 887 2890; x_wconf 85' lang='lat' dir='ltr'>venter</span> <span class='ocrx_word' id='word_1_192' title='bbox 925 2837 1290 2902; x_wconf 75' lang='lat' dir='ltr'>Pa.ctumeiuS‚</span> <span class='ocrx_word' id='word_1_193' title='bbox 1327 2839 1385 2887; x_wconf 75' lang='lat' dir='ltr'>et</span> <span class='ocrx_word' id='word_1_194' title='bbox 1419 2838 1516 2887; x_wconf 78' lang='lat' dir='ltr'>tuo</span> 
     </span>
     <span class='ocr_line' id='line_1_39' title="bbox 404 2908 1573 2978; baseline -0.006 -10"><span class='ocrx_word' id='word_1_195' title='bbox 404 2915 611 2969; x_wconf 86' lang='lat' dir='ltr'>Cruore</span> <span class='ocrx_word' id='word_1_196' title='bbox 646 2912 841 2965; x_wconf 86' lang='lat' dir='ltr'>rubros</span> <span class='ocrx_word' id='word_1_197' title='bbox 878 2911 1150 2965; x_wconf 75' lang='lat' dir='ltr'>obstetrix</span> <span class='ocrx_word' id='word_1_198' title='bbox 1185 2927 1390 2978; x_wconf 88' lang='lat' dir='ltr'>pannos</span> <span class='ocrx_word' id='word_1_199' title='bbox 1425 2908 1573 2974; x_wconf 71' lang='lat' dir='ltr'>lavilz,</span> 
     </span>
     <span class='ocr_line' id='line_1_40' title="bbox 402 2986 1426 3056; baseline -0.007 -12"><span class='ocrx_word' id='word_1_200' title='bbox 402 2990 698 3056; x_wconf 77' lang='lat' dir='ltr'>Utcunque</span> <span class='ocrx_word' id='word_1_201' title='bbox 732 2988 889 3040; x_wconf 80' lang='lat' dir='ltr'>fortis</span> <span class='ocrx_word' id='word_1_202' title='bbox 925 2986 1111 3039; x_wconf 87' lang='lat' dir='ltr'>exsilis</span> <span class='ocrx_word' id='word_1_203' title='bbox 1144 3001 1426 3053; x_wconf 83' lang='lat' dir='ltr'>puerpera.</span> 
     </span>
    </p>

    <p class='ocr_par' dir='ltr' id='par_1_13' title="bbox 404 3059 1663 3190">
     <span class='ocr_line' id='line_1_41' title="bbox 475 3059 1663 3128; baseline -0.003 -13"><span class='ocrx_word' id='word_1_204' title='bbox 475 3062 620 3126; x_wconf 79' lang='lat' dir='ltr'>Quid</span> <span class='ocrx_word' id='word_1_205' title='bbox 655 3061 924 3115; x_wconf 76' lang='lat' dir='ltr'>obseratis</span> <span class='ocrx_word' id='word_1_206' title='bbox 959 3061 1183 3114; x_wconf 86' lang='lat' dir='ltr'>auribus</span> <span class='ocrx_word' id='word_1_207' title='bbox 1217 3060 1400 3112; x_wconf 89' lang='lat' dir='ltr'>fundis</span> <span class='ocrx_word' id='word_1_208' title='bbox 1434 3059 1663 3128; x_wconf 68' lang='lat' dir='ltr'>precesi</span> 
     </span>
     <span class='ocr_line' id='line_1_42' title="bbox 404 3135 1409 3190; baseline -0.003 0"><span class='ocrx_word' id='word_1_209' title='bbox 404 3137 530 3190; x_wconf 79' lang='lat' dir='ltr'>Non</span> <span class='ocrx_word' id='word_1_210' title='bbox 568 3152 698 3189; x_wconf 80' lang='lat' dir='ltr'>saxa</span> <span class='ocrx_word' id='word_1_211' title='bbox 731 3135 890 3187; x_wconf 87' lang='lat' dir='ltr'>nudis</span> <span class='ocrx_word' id='word_1_212' title='bbox 927 3136 1176 3187; x_wconf 86' lang='lat' dir='ltr'>surdiora</span> <span class='ocrx_word' id='word_1_213' title='bbox 1211 3135 1409 3187; x_wconf 77' lang='lat' dir='ltr'>navitis</span> 
     </span>
    </p>
   </div>
   <div class='ocr_carea' id='block_1_6' title="bbox 1926 207 1977 247">
    <p class='ocr_par' dir='ltr' id='par_1_14' title="bbox 1926 207 1977 247">
     <span class='ocr_line' id='line_1_43' title="bbox 1926 207 1977 247; baseline 0.02 -1"><span class='ocrx_word' id='word_1_214' title='bbox 1926 207 1977 247; x_wconf 72' lang='lat'>15</span> 
     </span>
    </p>
   </div>
  </div>
 </body>
</html>
