2217 3559
11 1658 93 1824 Ὗ-

38 3249 83 3390 ...ια’-Ἀ

796 138 1229 189 SA'HRARUM
1260 138 1336 188 11.
1375 138 1420 187 3.
1864 131 1952 181 141

245 218 415 284 Quod
449 219 595 274 latus
631 224 726 273 aut
761 235 919 273 renes
955 220 1146 272 morbo
1180 222 1468 273 tentantur
1501 219 1671 271 acuto,

244 294 378 348 Non
413 298 500 348 est
533 294 785 363 perjurus
818 311 999 363 neque
1035 295 1317 360 sordidus;
1350 293 1594 347 immolet
1627 289 1818 360 aequis

244 369 364 422 Hic
398 386 620 438 porcum
658 370 921 424 Laribus:
956 386 1146 424 verum
1182 370 1501 424 ambitiosus
1537 373 1595 424 et
1630 369 1837 432 audax;
1881 381 1946 421 165

243 444 489 512 Naviget
527 445 860 513 Anticyram.
936 445 1082 509 Quid
1119 446 1262 498 enim
1300 446 1484 500 differt
1518 445 1848 499 barathrone

241 519 437 574 Dones
473 520 744 589 quid-quid
780 519 948 575 habes
983 538 1053 574 an
1087 538 1366 589 nunquam
1399 526 1559 574 utare
1593 521 1836 588 paratis?

243 595 471 649 Servius
508 595 778 664 Oppidius
816 596 1017 650 Canusi
1055 597 1165 649 duo
1200 597 1437 664 praedia,
1475 596 1629 649 dives

243 671 497 739 Antiquo
533 687 714 738 censu,
750 672 932 739 gnatis
966 671 1167 725 divisse
1205 671 1417 724 duobus

240 744 455 799 Fertur
488 749 547 799 et
581 746 682 799 hoc
717 746 951 803 moriens
986 747 1172 814 pueris
1209 746 1411 799 dixisse
1446 745 1653 800 vocatis
1885 761 1950 800 17⁰

242 820 344 874 Ad
380 821 604 876 lectum:
645 822 941 889 Postquam
975 824 1034 874 te
1069 822 1224 889 talos,
1261 822 1420 888 Aule,
1458 837 1731 891 nucesque

242 895 419 949 Ferre
454 897 575 949 sinu
610 897 749 963 laxo,
791 897 993 950 donare
1029 901 1087 949 et
1124 896 1315 950 ludere
1348 896 1476 964 vidi,

242 971 339 1039 Te,
378 971 573 1038 Tiberi,
609 988 909 1040 numerare,
945 971 1089 1024 cavis
1126 972 1461 1025 abscondere
1497 973 1743 1038 tristem;

241 1047 495 1100 Extimui
531 1064 600 1100 ne
634 1063 729 1100 vos
764 1050 952 1115 ageret
985 1047 1207 1100 vesania
1245 1046 1467 1115 discors,

242 1123 328 1175 'ru
366 1123 781 1190 Nomentanum,
808 1126 870 1175 tu
904 1139 974 1175 ne
1012 1138 1304 1190 sequerere
1342 1122 1603 1178 Cicutam.
1880 1137 1947 1177 1·:⁵

242 1198 429 1261 Quare
462 1215 565 1266 per
599 1198 750 1250 divos
788 1201 974 1251 oratus
1010 1202 1246 1266 uterque
1285 1198 1534 1263 PenatcS‚

242 1272 329 1326 'Pu
366 1290 493 1327 eave
527 1290 596 1326 ne
630 1273 854 1342 minuaS,
891 1277 955 1327 tu
989 1290 1059 1326 ne
1094 1273 1273 1341 majus
1307 1274 1473 1326 facias
1507 1274 1568 1326 id

241 1349 406 1413 Quod
442 1349 572 1402 satis
607 1364 727 1401 esse
762 1352 923 1416 putat
958 1353 1120 1416 pater
1156 1354 1213 1402 et
1248 1352 1445 1401 natura
1479 1352 1706 1404 coercet.

241 1423 542 1477 Praeterea
576 1440 647 1476 ne
682 1440 776 1476 vos
814 1423 1003 1476 titillet
1043 1424 1232 1477 Gloria
1259 1423 1387 1490 juro

236 1500 494 1553 Jurando
529 1499 860 1565 obstringam
897 1499 1087 1552 ambo:
1125 1502 1251 1551 uter
1284 1498 1476 1552 aedilis
1511 1499 1744 1553 fueritve
1878 1516 1944 1555 iso

237 1575 506 1628 Vestrum
547 1579 776 1643 praetor,
813 1575 860 1626 is
897 1573 1226 1627 intestabilis
1262 1580 1319 1628 et
1355 1591 1507 1628 sacer
1542 1579 1675 1629 esto.

238 1651 314 1704 In
351 1652 521 1704 cicere
557 1655 725 1718 atque
759 1649 887 1702 faba
921 1649 1063 1703 bona
1098 1653 1164 1703 tu
1197 1650 1506 1718 perdasque
1541 1650 1754 1719 lupinis,

237 1727 416 1781 Latus
450 1730 513 1779 ut
547 1726 602 1778 in
643 1725 799 1778 Circo
837 1725 1074 1793 spatiere
1113 1728 1170 1779 et
1206 1731 1407 1779 aeneus
1441 1730 1505 1779 ut
1541 1730 1667 1794 stes,

234 1800 441 1854 Nudus
476 1801 630 1868 agris,
668 1800 849 1853 nudus
884 1801 1135 1869 nummis,
1171 1801 1375 1869 insane,
1410 1803 1684 1870 paternis;

235 1877 461 1931 Scilicet
494 1882 557 1929 ut
591 1876 812 1944 plausus
848 1892 983 1944 quos
1018 1877 1129 1929 fert
1166 1877 1414 1946 Agrippa
1446 1878 1591 1931 feras
1623 1882 1701 1944 tu,
1876 1892 1942 1933 iss

235 1955 453 2006 Astuta
485 1953 780 2019 ingenuum
816 1952 1005 2019 vulpes
1040 1952 1256 2006 imitata
1290 1953 1516 2007 leonem.

232 2029 358 2081 ‘Ne
394 2028 516 2096 quis
552 2027 803 2080 humasse
839 2027 974 2080 velit
1011 2027 1257 2096 Ajacem,
1295 2029 1509 2097 Atrida,
1545 2033 1696 2083 vetas
1731 2047 1828 2083 cur
1845 2031 1879 2084 2’

234 2105 251 2131 ‘
268 2104 393 2157 Rex
430 2103 579 2156 sum!
640 2103 654 2129 ‘
669 2103 761 2155 Nil
800 2102 945 2156 ultra
981 2120 1184 2171 quaero
1218 2104 1491 2172 plebeius?
1552 2108 1565 2132 ‘
1582 2106 1655 2159 Et
1690 2124 1914 2175 aequam

234 2179 382 2232 Rem
417 2179 702 2247 imperit03
738 2195 801 2231 ac
835 2178 880 2230 si
917 2179 1003 2231 cui
1040 2179 1228 2232 videor
1263 2196 1368 2232 non
1395 2179 1593 2247 justus,
1628 2182 1803 2236 inulto

231 2254 434 2309 Dicere
471 2255 619 2324 quod
656 2254 824 2308 sentit
859 2254 1149 2322 permitto?
1221 2254 1490 2309 ‘Maxime
1526 2274 1733 2324 regum,
1874 2275 1939 2313 ιω

231 2331 312 2384 Di
345 2330 451 2383 tibi
487 2330 625 2384 dont
660 2334 818 2398 capta
852 2331 1078 2383 classem
1116 2329 1388 2384 deducere
1425 2330 1616 2399 Troja!

233 2407 384 2474 Ergo
418 2406 701 2460 consulere
738 2409 795 2458 et
828 2422 955 2458 mox
990 2405 1323 2474 respondere
1357 2406 1544 2460 licebit
1563 2408 1598 2462 ‘l'

233 2483 530 2536 ‘Consule'
594 2482 735 2535 ‘Cur
772 2481 935 2550 Ajax,
972 2483 1133 2535 heros
1167 2481 1237 2534 ab
1277 2482 1490 2536 Achille
1528 2485 1813 2554 secundus,

235 2558 487 2613 Putescit
520 2558 689 2611 toties
726 2558 961 2610 servatis
996 2559 1172 2610 clarus
1210 2558 1445 2625 Achivis,

232 2634 493 2688 Gaudeat
527 2637 591 2687 ut
628 2633 856 2702 populus
895 2632 1095 2685 Priami
1136 2633 1491 2702 Priamusque
1527 2633 1827 2693 inhumato,
1877 2651 1940 2690 195

233 2710 347 2762 Per
381 2725 545 2778 quem
582 2712 668 2761 tot
693 2708 930 2777 juvenes
966 2709 1148 2777 patrio
1184 2724 1407 2762 caruere
1444 2711 1688 2777 sepulcro
1710 2713 1741 2765 Υ

235 2785 422 2838 ‘Mille
456 2784 638 2836 ovium
673 2784 897 2836 insanus
932 2783 1096 2836 morti
1134 2783 1305 2850 dedit,
1342 2784 1586 2838 inclitum
1627 2787 1822 2841 Ulixen

232 2861 312 2915 Et
347 2860 662 2913 Menelaum
697 2876 805 2912 una
840 2875 1054 2911 mecum
1091 2874 1151 2911 se
1187 2859 1436 2913 occidere
1472 2861 1733 2916 clamans!

232 2940 248 2965 ‘
264 2937 348 2990 Tu
383 2953 509 2990 cum
543 2951 646 3003 pro
680 2934 851 2987 vitula
885 2935 1081 2987 statuis
1123 2934 1336 2988 dulcem
1374 2936 1580 2990 Aulide
1616 2941 1802 2992 natam

234 3015 388 3067 Ante
421 3028 546 3064 aras
584 3010 901 3078 spargisque
937 3009 1080 3062 mola
1115 3014 1294 3077 caput,
1331 3011 1595 3080 improbe,
1632 3014 1785 3082 salsa,
1870 3031 1939 3068 200

234 3088 470 3143 Rectum
529 3085 695 3138 animi
750 3100 936 3138 servas
954 3085 1076 3138 ?’—‘
1097 3086 1367 3159 Quorsum
1389 3088 1508 3140 2‘-—‘
1524 3089 1752 3141 Insanus
1808 3091 1939 3159 quid

372 3162 520 3217 enim
562 3160 705 3229 Ajax
