2217 3559
793 125 1202 174 GARMINUM
1238 124 1283 171 1.
1326 124 1402 179 14,
1445 125 1516 172 15,

1072 271 1234 326 XIV.

506 354 552 408 Ο
590 371 768 420 imvm,
805 358 1049 407 referent
1083 355 1141 405 in
1179 369 1329 406 mare
1367 357 1423 406 te
1460 353 1584 405 novi

505 430 761 484 Fluctus!
840 430 887 482 O
925 430 1061 498 quid
1095 429 1252 496 agis?
1325 428 1571 481 Fortiter
1606 443 1808 495 occupa

574 506 815 559 Portum.
887 505 1085 558 Nonne
1122 504 1280 557 vides
1314 508 1376 557 ut

639 581 867 634 Nudum
902 580 1129 648 remigio
1164 580 1310 632 latus

505 657 577 709 Et
609 657 783 709 malus
817 656 979 710 celeri
1015 656 1229 709 saueius
1267 655 1463 708 Africo

504 734 907 800 Antennaeque
942 736 1167 799 gemant
1202 748 1265 784 ac
1301 731 1420 783 sine
1454 729 1676 782 funibus

570 808 681 860 Vix
717 808 920 860 durare
955 807 1172 860 carinae

640 883 860 936 Possint
894 883 1267 951 imperiosius.

504 959 768 1027 Aequor?
839 959 891 1011 N
896 977 965 1011 on
1002 958 1106 1012 tibi
1144 962 1273 1011 sunt
1306 958 1524 1025 integra
1557 957 1746 1025 lintea,

502 1036 549 1088 N
558 1053 625 1087 on
662 1035 736 1102 di,
773 1051 909 1102 quos
944 1035 1146 1087 iterum
1180 1050 1373 1103 pressa¹
1406 1049 1565 1086 voces
1599 1032 1754 1085 malo,

570 1112 830 1175 Quamvis
867 1111 1094 1163 Pontica
1128 1110 1310 1178 pinus,

637 1187 817 1241 Silvae
853 1187 966 1239 filia
997 1186 1210 1252 nobilis,

500 1262 690 1315 sactes
727 1267 786 1316 et
818 1278 994 1330 genus
1029 1265 1088 1315 et
1122 1278 1319 1314 nomen
1355 1261 1589 1327 inutile3

500 1338 594 1391 Nil
629 1338 792 1407 pictis
826 1338 1055 1390 timidus
1089 1339 1277 1391 navita
1309 1337 1588 1407 puppibus

569 1413 736 1466 Fidit.
806 1412 902 1480 Tu,
937 1413 1044 1466 nisi
1079 1413 1262 1466 ventis

638 1488 827 1542 Debes
861 1488 1177 1555 ludibrium,
1215 1505 1361 1543 cave.

502 1562 694 1632 Nuper
728 1563 1019 1616 sollicitum
1055 1580 1198 1632 quae
1233 1563 1368 1615 mihi
1403 1562 1665 1629 taedium,

503 1638 554 1692 N
559 1656 664 1693 une
699 1639 1035 1693 desiderium
1071 1656 1311 1708 curaque
1346 1655 1456 1690 non
1491 1638 1641 1704 levis,

574 1715 852 1769 Interfusa
883 1715 1127 1768 nitentes

640 1791 806 1844 Vites
841 1807 1080 1860 aequora
1118 1790 1398 1858 Cycladas,

1093 1929 1220 1983 XV.

502 2011 719 2066 Pasroa
753 2028 877 2064 cum
913 2012 1164 2065 traheret,
1196 2030 1298 2081 per
1331 2012 1475 2065 freta
1508 2011 1737 2065 navibus

502 2088 685 2141 Idaeis
724 2087 980 2140 Helenen
1013 2087 1260 2156 perfidus
1296 2088 1583 2156 hospitam,

502 2164 729 2230 Ingrato
763 2162 972 2215 celeres
1007 2163 1193 2217 obruit
1225 2164 1342 2216 otio

569 2240 783 2292 Ventos
814 2243 881 2292 ut
913 2243 1139 2292 caneret
1173 2239 1293 2292 fera

502 2315 553 2368 N
557 2331 718 2377 erens
752 2313 899 2368 fata:
934 2314 1084 2368 Mala
1119 2315 1276 2368 ducis
1309 2316 1396 2368 avi
1433 2317 1660 2370 domum

500 2391 673 2455 Quam
707 2390 883 2444 multo
915 2394 1140 2460 repetet
1176 2391 1405 2444 Graecia
1439 2391 1634 2456 milite,

498 2466 796 2535 Conjurata
828 2470 957 2519 tuas
987 2483 1245 2535 rumpere
1281 2465 1508 2535 nuptias

565 2543 639 2596 Et
673 2557 905 2609 regnum
942 2541 1148 2594 Priami
1183 2545 1356 2596 vetus,

497 2617 626 2671 Heu
658 2617 771 2671 heu
805 2621 1042 2685 quantus
1078 2618 1250 2685 equi-⁴3,
1286 2621 1524 2685 quantus
1556 2618 1717 2671 adest
1751 2618 1890 2670 viris

496 2693 706 2747 Sudor!
748 2698 955 2764 quanta
989 2710 1182 2747 moves
1212 2693 1409 2746 funera
1443 2694 1735 2746 Dardanae

495 2769 701 2823 Genti!
770 2770 899 2822 Jam
934 2770 1147 2837 galeam
1185 2769 1365 2822 Pallas
1400 2773 1460 2823 et
1494 2770 1693 2837 aegida

562 2845 879 2915 Cui-rusque
915 2850 977 2898 et.
1007 2845 1218 2898 rabiem
1253 2849 1426 2913 parat.

492 2919 543 2974 N
548 2921 872 2989 equiequam
908 2921 1146 2974 Veneris
1178 2921 1455 2990 praesidio
1489 2919 1650 2975 ferox

492 2995 691 3049 Pectes
724 2995 1022 3048 caesariem
1056 3001 1321 3064 grataque
1357 2995 1582 3050 feminis

491 3070 711 3126 Imbelli
746 3071 957 3123 cithara
991 3072 1229 3124 carmina
1264 3071 1480 3124 divides
1497 3091 1521 3138 ⁸>

560 3147 613 3198 N
616 3147 943 3217 equiequam
977 3145 1216 3201 thalamo
1250 3162 1454 3217 graves

1942 125 1998 171 I}

1954 1424 2000 1464 15
