2217 3559
268 84 333 136 9⁰.

818 84 1127 133 HORATII
1162 83 1422 132 FLAOOI

472 164 605 218 Edit
641 165 833 218 cicutis
867 164 1051 218 allium
1089 163 1384 217 nocentius.

541 239 587 290 O
626 238 764 292 dura
798 255 1097 292 messorum
1132 238 1251 292 ilia!

471 313 618 378 Quid
654 314 753 367 hoc
790 315 983 367 veneni
1021 314 1195 367 saevit
1229 313 1286 365 in
1321 311 1689 381 praecordiis?
1974 318 2004 358 δ

539 390 685 441 Num
721 390 994 457 viperinus
1029 389 1114 441 his
1150 404 1312 441 cruor

471 464 726 518 Incoetus
760 464 946 518 herbis
981 481 1071 517 me
1105 463 1341 518 fefellit?
1376 479 1446 516 an
1481 462 1652 516 malas

541 538 769 592 Canidia
802 540 1062 593 tractavit
1096 539 1301 607 dapes?

470 615 550 668 Ut
587 617 936 682 Argonautas
970 620 1193 685 praeter
1228 631 1413 668 omnes
1450 612 1743 667 candidum

538 689 741 743 Medea
776 691 974 744 mirata
1009 695 1096 743 est
1132 690 1342 758 ducem,
1957 705 2004 744 ιο

469 764 667 832 Ignota
700 766 872 819 tauris
906 765 1241 833 illigaturmn
1267 766 1406 835 juga

539 840 801 894 Perunxit
836 842 935 894 hoe
970 842 1006 893 J
1010 858 1260 907 asonem3

469 915 593 969 Hoe
628 916 887 971 delibutis
922 917 1041 970 ulta
1076 916 1234 971 donis
1269 918 1515 987 pellicem

536 991 802 1059 Serpente
835 992 979 1059 fugit
1014 993 1159 1046 alite.

465 1066 583 1120 Nee
617 1071 804 1121 tantus
839 1084 1078 1136 unquam
1115 1068 1357 1122 siderum
1392 1067 1596 1123 insedit
1628 1084 1802 1138 vapor
1939 1085 1989 1125 15

536 1142 851 1197 Sitieulosae
890 1143 1138 1211 Apuliae,

465 1217 516 1271 N
521 1234 583 1270 ec
618 1235 813 1271 munus
848 1217 1090 1271 humeris
1127 1218 1356 1272 efficaeIs
1395 1219 1648 1273 Herculis

535 1294 741 1347 Inarsit
776 1295 1094 1348 aestuosiuS.

466 1370 546 1422 At
581 1369 629 1421 si
664 1369 800 1437 quid
835 1386 1072 1438 unquam
1112 1370 1222 1423 tale
1257 1370 1643 1438 concupiveris,

533 1444 571 1496 J
574 1461 731 1498 ocose
767 1446 1071 1512 Maecenas,
1107 1461 1302 1513 precor
1923 1462 1975 1501 ω

463 1520 688 1574 Manum
724 1521 909 1590 puella
943 1521 1089 1574 savio
1126 1525 1361 1589 opponat
1397 1523 1493 1573 tuo

531 1595 793 1648 Extrema
828 1599 887 1649 et
920 1596 978 1649 in
1015 1595 1225 1664 sponda
1257 1594 1437 1649 cubet.

1056 1736 1159 1791 IV.

462 1820 633 1875 ans
669 1824 728 1875 et
762 1820 916 1887 agnis
951 1823 1157 1888 quanta
1193 1817 1389 1872 sortito
1424 1816 1637 1886 obtigit,

527 1896 727 1948 Tecum
762 1897 895 1948 mihi
932 1896 1203 1948 discordia
1238 1899 1337 1962 est,

459 1971 735 2024 Hibericis
771 1977 993 2038 peruste
1027 1971 1248 2023 funibus
1283 1970 1427 2023 latus

527 2047 600 2100 Et
634 2063 792 2100 crura
827 2048 965 2100 dura
1000 2046 1276 2115 compede.

456 2121 612 2175 Licet
645 2122 914 2191 superbus
948 2122 1194 2175 ambules
1228 2120 1471 2189 pec-unia,
1927 2137 1957 2178 σ

526 2197 771 2251 Fortuna
804 2215 911 2251 non
945 2201 1125 2251 mutat
1159 2213 1342 2265 genus.

456 2270 710 2339 Videsne,
748 2273 966 2326 Sacram
1003 2272 1264 2326 metiente
1300 2277 1358 2324 te
1393 2271 1535 2323 viam

523 2347 662 2401 Cum
698 2348 783 2402 bis
817 2348 984 2401 trium
1019 2350 1267 2400 ulnarum
1303 2350 1446 2420 toga,

456 2420 537 2476 Ut
571 2441 667 2476 ora
701 2428 881 2478 vertat
916 2424 1022 2477 huc
1058 2430 1117 2477 et
1150 2423 1257 2476 hue
1291 2423 1534 2476 euntium

521 2499 827 2553 Liberrima
860 2499 1204 2566 indignatio?
1903 2511 1942 2551 ιο

451 2573 642 2628 Seetus
678 2574 905 2643 flagellis
941 2575 1029 2627 hie
1063 2572 1491 2628 triumviralibus

522 2649 808 2703 Praeconis
844 2650 916 2702 ad
952 2649 1234 2703 fastidium

451 2727 596 2779 Arat
633 2725 850 2779 Falerni
885 2725 1033 2779 mille
1069 2725 1224 2778 fundi
1254 2723 1455 2791 jugera

520 2801 593 2853 Et
630 2802 868 2869 Appiam
906 2800 1118 2853 mannis
1154 2799 1302 2868 terit,

449 2874 831 2945 Sedilibusque
867 2891 1094 2942 magnus
1130 2874 1187 2925 in
1223 2873 1414 2942 primis
1448 2888 1620 2940 eques
1892 2885 1933 2926 1⁵

518 2949 736 3004 Othone
771 2954 1082 3018 contempto
1120 2949 1309 3002 sedet!

448 3021 595 3086 Quid
630 3026 832 3079 attinet
867 3029 952 3078 tot
987 3040 1081 3076 ora
1117 3023 1334 3076 navium
1369 3022 1521 3090 gravi

518 3097 779 3152 Rostrata
813 3099 938 3151 duci
973 3099 1214 3166 pondere

2167 3240 2185 3384 Aen—n
