2217 3559
323 3182 355 3231 ⁷

759 108 1169 159 CARMINUM
1203 108 1306 158 IV.
1343 111 1391 157 6.

497 188 819 245 Laudantur
854 189 1015 242 simili
1049 188 1204 258 prole
1240 204 1555 257 puerperae,

567 266 794 334 Culpam
829 281 1004 332 poena
1037 263 1241 332 premit
1276 280 1471 317 comes,

1870 107 1932 153 75

496 342 631 405 Quis
651 341 915 394 Parthum
933 343 1145 407 paveat,
1166 340 1289 407 quis
1306 340 1549 406 gelidum
1577 337 1835 406 Scythen,
1880 349 1933 391 π

496 416 633 480 Quis
668 416 961 470 Germania
996 431 1132 483 quos
1166 414 1391 467 horrida
1425 416 1663 483 parturit

494 491 682 557 Fetus,
716 490 971 544 ineolumi
1011 490 1281 543 Caesare?
1319 489 1442 558 quis
1475 490 1625 553 ferae

564 567 780 620 Bellum
814 569 970 619 curet
1008 565 1309 618 Hiberiae?

492 641 698 696 Condit
731 640 962 710 quisque
999 640 1145 694 diem
1181 639 1408 693 collibus
1443 640 1498 692 in
1536 640 1649 693 suis

494 717 571 770 Et
602 716 772 770 vitem
807 715 999 769 viduas
1034 715 1188 768 ducit
1221 715 1295 769 ad
1330 715 1586 778 arbores;

495 792 641 846 Hinc
675 790 748 844 ad
782 790 908 844 vina
941 790 1092 844 redit
1126 790 1303 843 laetus
1339 794 1397 843 ct
1432 790 1620 844 alteris

563 868 639 920 Te
673 866 874 919 mensis
908 865 1138 918 adhibet
1173 865 1371 930 deum3

489 942 571 996 Te
605 942 778 995 multa
812 958 989 1010 prece,
1027 944 1084 995 te
1119 942 1468 1010 prosequitur
1502 957 1653 994 mero

493 1017 701 1071 Defuso
736 1017 944 1085 pateris
979 1019 1038 1070 et
1076 1015 1306 1069 Laribus
1340 1020 1498 1070 tuum

491 1092 692 1146 Miscet
725 1108 943 1159 numen,
978 1091 1061 1145 uti
1099 1092 1341 1157 Graecia,
1381 1091 1625 1145 Castoris

562 1168 636 1220 Et
669 1167 856 1235 magni
890 1183 1099 1220 memor
1137 1166 1405 1220 Herculis.

491 1241 705 1310 Longas
740 1258 773 1294 o
807 1242 1033 1309 utinam,
1071 1242 1186 1295 dux
1220 1241 1374 1309 bone,
1409 1241 1574 1295 ferias

489 1317 747 1371 Praestes
784 1318 1118 1386 Hesperiae!
1158 1317 1390 1371 dicimus
1424 1317 1638 1386 integro

487 1391 630 1446 Sicci
665 1409 823 1445 mane
859 1392 967 1459 die,
1005 1392 1236 1445 dicimus
1270 1393 1420 1447 uvidi

560 1467 698 1521 Cum
734 1467 828 1521 Sol
864 1466 1079 1521 Oceano
1115 1467 1320 1521 subest.

1022 1608 1126 1662 VI.

491 1691 656 1757 mvn,
693 1708 858 1761 quem
893 1692 1072 1760 proles
1111 1692 1322 1745 Niobea
1354 1707 1583 1760 magnae

488 1766 779 1821 Vindicem
813 1768 1031 1835 linguae
1068 1767 1362 1835 Tityosque
1396 1771 1584 1834 raptor

487 1842 677 1896 Sensit
712 1846 771 1896 et
807 1842 1002 1909 Trojae
1037 1858 1210 1911 prope
1243 1843 1417 1896 victor
1450 1842 1594 1895 altae

562 1917 794 1971 Phthius
831 1917 1090 1985 Achilles,

486 1992 702 2046 Ceteris
736 1992 926 2060 major,
962 1992 1066 2046 tibi
1101 1992 1260 2045 miles
1295 1993 1484 2061 impar,

485 2067 662 2121 Filius
699 2067 944 2136 quamvis
980 2067 1229 2121 Thetidis
1262 2069 1502 2122 marinae

489 2141 775 2196 Dardanas
809 2147 990 2197 turres
1013 2146 1270 2212 quateret
1304 2143 1593 2197 tremenda

561 2218 804 2287 Cuspide
838 2235 1073 2286 pugnax,

491 2293 614 2361 Ille,
650 2293 892 2347 mordaci
927 2295 1077 2347 velut
1113 2296 1223 2347 icta
1258 2294 1405 2347 ferro

486 2367 655 2422 Pinus
690 2372 785 2422 aut
818 2369 1052 2437 impulsa
1085 2385 1372 2437 cupressus
1409 2369 1571 2435 Euro,

489 2443 734 2498 Procidit
769 2444 882 2497 late
915 2444 1206 2513 posuitque
1240 2444 1438 2498 collum
1471 2444 1530 2497 in

560 2519 792 2572 Pulvere
829 2519 1048 2573 Teucro,

487 2592 592 2647 Ille
626 2610 733 2646 non
768 2594 1005 2647 inclusus
1041 2611 1183 2663 equo
1217 2595 1500 2649 Minervae

485 2669 652 2723 Sacra
685 2670 918 2723 mentito
953 2671 1094 2722 male
1130 2670 1353 2724 feriatos

484 2742 652 2798 Troas
687 2747 746 2797 et
779 2744 980 2799 laetam
1018 2744 1223 2797 Priami
1256 2745 1465 2799 choreis

554 2819 794 2873 Falleret
828 2820 1037 2885 aulam3

484 2892 598 2949 Sed
630 2894 809 2962 palam
845 2896 1016 2963 captis
1050 2895 1246 2962 gravis,
1281 2894 1392 2948 heu
1424 2896 1578 2949 nefas
1612 2895 1735 2961 heu,

484 2968 714 3024 Nescios
746 2970 853 3023 fari
886 2987 1086 3038 pueros
1125 2970 1349 3023 Achivis

482 3043 689 3110 Ureret
723 3044 970 3111 flammis,
1005 3046 1174 3099 etiam
1209 3046 1476 3099 latentem

552 3120 751 3174 Matris
783 3120 842 3173 in
882 3120 1018 3188 alvo,

1865 1483 1914 1523 40

1869 2385 1913 2426 30

1864 2759 1910 2799 15
