2217 3559
785 130 1195 181 GARMINUM
1229 131 1329 185 IV.
1369 132 1444 182 15.
1902 139 1965 184 83

601 212 739 268 Cum
776 212 950 266 saevit
983 213 1425 280 horrendamque
1461 214 1622 268 cultis

670 288 941 342 Diluviem
976 289 1282 343 meditatur
1316 288 1478 357 agris),

529 361 612 416 Ut
646 363 1006 418 barbarorum
1043 365 1306 419 Claudius
1340 366 1560 434 agmina

528 437 761 493 Ferrata
794 444 948 494 vasto
984 441 1158 495 diruit
1190 442 1405 510 impetu
1915 460 1961 499 ιο

597 514 921 584 Primosque
956 520 1014 570 et
1049 520 1327 571 extremos
1362 517 1620 571 metendo

664 590 875 646 Stravit
907 592 1134 646 humum
1171 593 1288 646 sine
1324 593 1479 646 clade
1513 593 1704 661 victor,

524 662 603 718 Te
637 666 831 735 copias,
864 670 925 721 te
960 668 1243 721 consilium
1280 670 1338 721 et
1372 670 1498 721 tuos

523 738 833 795 Praebente
869 742 1035 796 divos,
1106 743 1250 796 Nam
1285 743 1405 810 tibi,
1442 759 1551 812 quo
1587 742 1679 795 die

593 815 791 870 Portus
828 817 1181 870 Alexandrea
1216 818 1445 886 supplex
1907 835 1955 875 es

658 891 733 945 Et
768 908 994 947 vacuam
1027 893 1291 961 patefecit
1324 894 1519 963 aulam,

521 964 765 1020 Fortuna
798 967 970 1021 lustro
1006 984 1269 1036 prospera
1304 968 1472 1022 tertio

520 1040 658 1095 Belli
695 1043 961 1096 secundos
996 1043 1244 1097 reddidit
1279 1044 1475 1108 exituS‚

585 1118 941 1188 Laudemque
979 1124 1037 1173 et
1073 1123 1325 1188 optatum
1360 1121 1599 1188 peractis

657 1195 911 1263 Imperiis
947 1195 1114 1248 decus
1149 1197 1438 1262 arrogavit.
1902 1214 1949 1254 ιο

518 1267 594 1322 Te
629 1269 904 1323 Cantaber
938 1287 1046 1324 non
1081 1275 1211 1324 ante
1246 1270 1534 1325 domabilis

520 1344 829 1414 Medusque
866 1349 926 1399 et
962 1346 1152 1414 InduS,
1186 1349 1245 1399 te
1279 1347 1542 1413 profugus
1578 1347 1806 1416 Scythes

583 1419 833 1489 Miratur,
871 1438 904 1474 o
942 1421 1118 1475 tutela
1152 1438 1412 1490 praesens

653 1494 848 1549 Italiae
883 1497 1246 1565 dominaeque
1284 1496 1503 1553 Romae.

513 1570 589 1623 ΤΘ
622 1570 854 1624 fontium
891 1572 985 1640 qui
1020 1573 1165 1625 celat
1199 1572 1434 1639 origines
1891 1591 1939 1631 45

511 1646 780 1715 Nilusque
817 1651 876 1701 et
914 1648 1072 1714 Ister,
1107 1652 1167 1702 te
1201 1648 1426 1716 rapidus
1463 1648 1652 1719 Tigri&

579 1721 655 1775 Te
689 1722 963 1776 belluosus
999 1724 1093 1792 qui
1130 1724 1353 1777 remotis

649 1797 934 1867 Obstrcpit
969 1798 1219 1852 Oceanus
1256 1800 1549 1870 Britannis,

511 1873 588 1927 'ro
625 1889 733 1927 non
767 1874 1017 1943 paventis
1051 1875 1245 1928 funera
1283 1875 1491 1929 Galliae

507 1948 803 2018 Duraeque
839 1951 1002 2004 tellus
1037 1951 1195 2004 audit
1231 1950 1513 2019 Hiberiae,
1886 1972 1935 2012 σο

572 2024 650 2078 Te
684 2026 850 2078 caede
883 2026 1189 2093 gaudentes
1225 2026 1496 2093 Sigambri

641 2100 967 2170 Compositis
1003 2105 1336 2156 venerantur
1371 2103 1547 2159 armis,

1019 2235 1145 2291 XV.

502 2317 769 2373 Pnomms
806 2318 1077 2373 volentem
1111 2317 1319 2387 proelia
1353 2334 1442 2372 me
1477 2317 1629 2388 loqui

498 2393 687 2447 Victas
721 2396 779 2446 et
815 2394 980 2447 urbes
1014 2395 1284 2462 increpuit
1319 2394 1449 2461 lyra,

565 2469 653 2522 Ne
686 2485 855 2536 parva
891 2469 1232 2537 Tyrrhenum
1266 2486 1365 2537 per
1399 2486 1606 2539 aequor

635 2543 769 2596 Vela
805 2544 1008 2598 darem.
1066 2546 1196 2611 Tua,
1235 2546 1448 2613 Caesar,
1487 2550 1641 2599 actas

491 2617 702 2686 Fruges
739 2622 797 2671 et
834 2619 980 2685 agris
1017 2619 1234 2672 rettulit
1270 2619 1469 2671 uberes
1897 2635 1926 2679 5

492 2693 565 2746 Et
601 2694 755 2761 signa
791 2697 977 2746 nostro
1011 2694 1256 2747 restituit
1292 2694 1330 2746 J
1333 2694 1419 2747 ovi

557 2767 806 2837 Dercpta
842 2768 1172 2821 Parthorum
1208 2769 1455 2837 superbis

626 2843 899 2910 Postibus»,
938 2847 995 2896 et
1030 2860 1258 2897 vacuum
1295 2845 1491 2899 duellis

481 2917 689 2973 Janum
727 2918 939 2983 Quirini
975 2918 1185 2985 clausit,
1223 2924 1282 2972 et
1317 2919 1563 2974 ordinem

483 2993 720 3047 Rectum
758 2994 1013 3061 evaganti
1048 2994 1206 3046 frena
1239 2994 1490 3048 licentiae
1867 3013 1914 3055 ιο

542 3069 757 3137 Injccit‚
796 3069 1107 3138 emovitque
1144 3069 1342 3136 culpati,

621 3144 696 3197 Et
731 3146 948 3197 veteres
982 3143 1257 3197 revocavit
1292 3147 1441 3199 artes
