2217 3559
789 135 1300 186 EPISTOLARUM
1335 136 1379 185 Ι.
1418 134 1467 186 7.
1866 134 1956 182 169

194 212 518 270 Strenuus
555 221 614 271 et
647 216 806 270 fortis
842 217 1127 284 causisque
1168 216 1452 284 Philippus
1485 215 1713 283 agendis

194 289 441 345 Clarus
477 292 549 345 ab
585 293 773 345 ofliciis
809 297 1052 345 octavam
1088 292 1305 345 circiter
1339 292 1529 344 horam

193 363 379 419 Dum
428 367 595 433 redit,
632 373 800 435 atque
839 367 981 420 Foro
1016 368 1245 419 nimium
1282 367 1487 420 distare
1526 366 1750 420 Carinas

194 440 239 491 J
244 458 359 493 am
404 443 637 511 grandis
672 448 808 496 natu
843 443 1108 511 queritur,
1145 443 1441 511 conspexit,
1477 445 1542 495 ut
1576 441 1747 505 aiunt,

196 516 525 571 Adrasum
564 518 840 586 quendam
875 535 1047 571 vacua
1070 519 1305 572 tonsoris
1340 518 1397 570 in
1441 517 1635 570 umbra
1911 530 1958 570 so

198 590 484 646 Cultello
518 594 766 662 proprios
800 598 1125 661 purgantem
1160 594 1359 647 leniter
1392 609 1622 659 ungues.

197 666 236 692 “
254 667 803 736 Demetri‚’'—puer
836 668 924 721 hic
957 685 1065 721 non
1101 669 1254 722 laeve
1280 668 1440 735 jussa
1477 668 1715 736 Philippi

205 742 669 811 Accipiebat—“
683 743 789 810 abi,
827 760 1031 811 quaere
1068 748 1127 797 et
1160 744 1321 807 refer,
1357 743 1506 797 unde
1542 742 1720 808 dom0,
1758 742 1896 811 quiS,

205 816 418 885 Cujus
455 818 721 885 fortunae,
759 835 868 887 quo
903 820 977 872 sit
1011 822 1171 887 patre
1207 836 1384 888 quove
1419 818 1693 886 patron0.'’

207 891 296 959 It,
343 893 506 947 redit
540 899 598 947 et
632 899 832 962 narrat,
870 895 1149 948 Volteium
1183 895 1401 949 nomine
1439 895 1674 961 Menam,
1908 907 1954 946 5⁵

207 966 597 1036 Praeconem,
631 970 784 1023 tenui
820 987 1000 1038 censu,
1036 971 1152 1024 sine
1188 971 1426 1038 crimine,
1462 975 1651 1023 notum

211 1040 303 1096 Et
346 1060 650 1113 properare
683 1044 801 1098 loco
838 1049 896 1098 et
930 1062 1144 1099 cessare
1181 1048 1239 1099 et
1275 1062 1539 1115 quaerere
1575 1050 1633 1098 et
1668 1044 1767 1106 uti.

212 1118 590 1173 Gaudentem
627 1121 919 1188 parvisque
953 1120 1231 1174 sodalibus
1266 1125 1325 1174 et
1358 1122 1473 1175 lare
1507 1125 1656 1174 certo

215 1192 306 1247 Et
348 1194 501 1248 ludis
537 1199 597 1248 et
630 1199 756 1263 post
791 1196 974 1249 decisa
1008 1198 1230 1263 negotia
1267 1196 1485 1263 Campo,

218 1269 252 1294 “
276 1269 492 1323 Scitari
526 1269 664 1324 libet
699 1287 768 1324 ex
802 1271 920 1339 ipso
957 1272 1318 1340 quodcunque
1352 1272 1555 1336 refers3
1591 1271 1679 1325 dic
1905 1285 1953 1324 co

222 1345 338 1397 Ad
375 1362 602 1398 coenam
637 1346 863 1399 veniat.”
938 1347 990 1399 N
993 1363 1063 1399 on
1099 1363 1230 1400 sane
1263 1348 1490 1400 credere
1526 1347 1702 1416 Mena,

221 1418 438 1473 Mirari
474 1436 656 1474 secum
692 1421 906 1474 tacitus.
977 1421 1123 1485 Quid
1157 1422 1370 1476 multa?
1443 1423 1474 1449 “
1494 1423 1786 1490 Benigue‚’'

223 1492 582 1563 Respondet.
629 1497 661 1523 “
680 1496 860 1564 Neget
884 1497 976 1549 ille
1000 1497 1135 1549 mihi
1156 1498 1205 1551 P’
1253 1498 1284 1524 “
1299 1497 1483 1565 Negat
1505 1498 1785 1565 improbus
1809 1504 1866 1551 et
1889 1504 1949 1549 te

225 1568 492 1638 Negligit
527 1573 622 1624 aut
657 1571 887 1624 horret.'’
959 1572 1237 1627 Volteium
1273 1590 1433 1626 mane
1472 1573 1754 1641 Philippus

227 1643 392 1699 Vilia
427 1645 756 1699 vendentem
792 1646 1035 1700 tunicato
1070 1665 1255 1702 scruta
1286 1648 1502 1717 popello
1903 1665 1951 1703 ⁶5

230 1720 489 1789 Occupat
525 1725 584 1775 et
619 1722 828 1776 salvere
856 1721 1020 1790 jubet
1053 1724 1221 1792 prior.
1294 1724 1396 1777 Ille
1434 1724 1680 1793 Philippo

232 1794 519 1850 Excusare
552 1797 796 1851 laborem
831 1802 890 1851 et
924 1800 1259 1853 mercenaria
1293 1800 1482 1867 vincla,

234 1870 404 1935 Quod
438 1888 542 1924 non
582 1888 740 1926 mane
776 1873 999 1927 domum
1034 1875 1293 1941 venisset,
1332 1875 1570 1944 denique
1608 1877 1757 1944 quod
1796 1894 1902 1930 non

244 1946 588 2001 Providisset
622 1965 762 2003 eum.
832 1947 966 2002 “Sic
999 1949 1268 2016 ignovisse
1301 1955 1495 2018 putato

233 2021 335 2075 Me
357 2022 462 2076 tibi
486 2023 532 2076 si
556 2039 752 2077 coenas
774 2023 939 2077 hodie
961 2026 1218 2078 mecum.”
1281 2027 1311 2052 “
1332 2026 1412 2080 Ut
1434 2026 1615 2081 libet?
1673 2028 1705 2055 “
1722 2028 1864 2096 Ergo
1900 2043 1948 2082 το

234 2096 374 2152 Post
409 2115 604 2152 nonam
640 2100 857 2164 venies3
891 2117 1033 2154 nunc
1067 2101 1104 2167 i,
1141 2118 1259 2155 rem
1296 2107 1549 2156 strenuus
1583 2105 1767 2170 auge.’'

232 2172 320 2240 Ut
353 2179 579 2228 ventum
615 2176 687 2228 ad
725 2192 949 2228 coenam
986 2181 1087 2240 est,
1127 2177 1362 2231 dicenda
1394 2177 1628 2232 tacenda
1664 2180 1865 2234 locutu:

235 2244 481 2303 Tandem
516 2250 813 2304 dormitum
848 2251 1162 2306 dimittitur.
1234 2252 1343 2305 Hic
1376 2253 1470 2306 nbi
1507 2270 1669 2322 saepe

237 2322 527 2378 Occultum
564 2328 709 2379 visus
746 2326 1041 2380 decurrere
1077 2327 1245 2395 piscis
1279 2329 1351 2381 ad
1388 2329 1608 2383 hamum

237 2397 402 2452 Mane
438 2400 608 2454 cliens
643 2407 701 2456 et
729 2401 847 2469 jam
883 2406 1066 2455 certus
1102 2404 1344 2470 conviva,
1369 2403 1598 2470 jubetur
1899 2421 1947 2461 75

238 2471 391 2527 Rura
426 2476 738 2529 suburbana
774 2477 996 2531 indictis
1032 2494 1215 2531 comes
1249 2479 1330 2533 ire
1368 2479 1589 2533 Latinis.

238 2548 537 2617 Impositus
573 2552 783 2605 mannis
818 2569 1007 2605 arvum
1044 2555 1363 2622 caelumque
1400 2555 1657 2609 Sabinum

234 2622 362 2677 Non
399 2631 577 2680 cessat
613 2626 851 2681 laudare.
924 2627 1094 2682 Videt
1132 2629 1389 2698 ridetque
1428 2630 1722 2699 Philippus,

236 2698 311 2753 Et
346 2700 452 2753 sibi
489 2703 620 2754 dum
656 2703 915 2770 requiem,
955 2703 1085 2757 dum
1122 2705 1265 2757 risus
1300 2706 1540 2775 undique
1577 2707 1808 2776 quaerit,

236 2772 383 2829 Dum
419 2780 631 2844 septem
667 2777 837 2832 donat
873 2781 1141 2848 sestertia,
1179 2786 1370 2835 mutua
1404 2787 1616 2851 septem
1894 2798 1940 2835 so

236 2847 532 2920 Promittit,
567 2854 865 2920 persuadet
899 2855 982 2907 uti
1018 2860 1294 2909 mercetur
1327 2857 1576 2924 agellum.

236 2919 527 2982 Mereatur.
597 2928 646 2980 N
654 2946 684 2981 e
720 2934 778 2982 te
815 2931 988 2997 longis
1024 2931 1343 2998 ambagibus
1378 2933 1524 2985 ultra

235 3000 408 3063 Quam
444 3003 580 3056 satis
615 3008 702 3057 est
738 3021 932 3071 morer,
968 3023 1036 3059 ex
1072 3007 1246 3059 nitido
1283 3008 1348 3060 fit
1383 3009 1619 3061 rusticus
1654 3013 1818 3078 atque

235 3075 422 3131 Sulcos
458 3082 518 3131 et
551 3079 736 3133 vineta
772 3085 960 3148 crepat
995 3098 1177 3145 mera3
1213 3087 1504 3150 praeparat
1540 3083 1727 3152 ulniOS,

237 3149 554 3208 [inmoritur
590 3154 787 3209 studiis
823 3163 882 3210 et
918 3173 1103 3212 amore
1136 3158 1371 3212 senescit
1405 3158 1659 3213 habendi.
1888 3174 1935 3212 85
