2217 3559
23 203 71 291 i

24 1740 73 1862 N-„fl
24 1653 37 1726 ‘'-

855 129 995 178 ARS
1028 128 1350 177 POETICA.
1859 129 1951 176 205

227 208 330 264 Ut
365 211 526 266 festis
559 213 810 264 matrona
842 209 1048 262 moveri
1076 209 1234 275 jussa
1269 207 1479 276 diebus,

233 286 522 340 Intererit
559 285 763 352 Satyris
798 285 1020 352 paulum
1055 283 1377 351 pudibunda
1410 287 1692 352 protervis.

238 361 380 415 Non
419 378 522 427 ego
556 361 807 413 inornata
842 364 900 412 et
937 359 1273 411 dominantia
1307 359 1525 412 nomina
1560 361 1730 413 solnm

238 436 569 503 Verbaque,
612 435 847 501 PisoneS,
886 436 1201 500 Satyrorum
1242 433 1475 500 scriptor
1509 435 1731 500 amabo;
1886 456 1953 497 23:

242 512 303 563 N
311 528 376 564 ec
412 512 490 564 sic
526 511 703 563 enitar
736 510 949 577 tragico
986 509 1206 561 differre
1244 508 1408 560 colori

241 587 339 639 Ut
374 586 511 638 nihil
547 586 765 638 intersit
801 585 1057 637 Davusne
1094 584 1350 652 loquatur
1386 588 1444 637 et
1480 586 1661 638 audax

249 662 485 729 Pythias
522 664 772 714 emuncto
808 660 1018 713 lucrata
1055 659 1272 711 Simone
1308 659 1590 726 talentum,

253 740 354 789 An
387 740 573 789 custos
607 736 948 803 famulusque
985 735 1074 787 dei
1116 734 1330 786 Silenus
1366 735 1584 789 alumni.

254 813 348 864 Ex
382 817 516 865 noto
550 812 738 864 fictum
774 827 992 864 carmen
1028 827 1241 878 sequar,
1268 814 1332 863 ut
1369 810 1472 863 sibi
1509 813 1683 879 quivis
1896 827 1963 865 5:40

256 889 463 954 Speret
497 887 659 952 idem,
700 886 864 939 sudet
898 887 1132 939 multum
1169 886 1480 955 frustraque
1516 881 1725 940 laboret

260 964 453 1014 Ausus
487 962 661 1015 idem:
709 965 927 1015 tantum
964 961 1132 1014 series
1160 961 1527 1030 junctumque
1562 963 1743 1029 pollet,

260 1037 500 1090 Tantum
537 1037 608 1088 de
643 1036 826 1090 medio
864 1037 1094 1106 sumptis
1132 1036 1341 1089 accedit
1374 1037 1604 1091 honoriS.

264 1111 429 1165 Silvis
465 1111 686 1165 deducti
723 1117 948 1165 caveant
984 1129 1071 1164 me
1098 1111 1289 1179 judice
1327 1112 1512 1177 Fauni,

264 1187 356 1240 Ne
394 1189 546 1241 velut
579 1187 754 1239 innati
789 1189 859 1240 t1
846 1205 966 1240 ivus
1002 1205 1065 1241 ac
1100 1204 1274 1255 paene
1309 1187 1552 1241 forenses
1895 1202 1965 1241 245

269 1266 389 1317 Aut
425 1263 650 1315 nimium
684 1264 891 1315 teneris
922 1263 1023 1330 juv
1025 1267 1257 1317 enentur
1291 1280 1388 1315 ver
1389 1263 1538 1316 sibus
1568 1280 1823 1334 unquam,

270 1342 390 1392 Aut
424 1338 705 1391 immunda
738 1343 965 1406 crepent
999 1338 1463 1406 ignominiosaque
1499 1339 1680 1404 dicta3

269 1414 639 1467 Offenduntur
674 1414 819 1467 enim
855 1414 1054 1482 quibus
1091 1418 1177 1467 est
1211 1431 1385 1482 equus
1421 1418 1481 1467 et
1514 1418 1672 1482 pater
1706 1417 1764 1467 et
1797 1431 1900 1478 res²

270 1490 324 1542 N
328 1505 404 1555 ec,
439 1490 486 1541 si
522 1489 657 1557 quid
691 1489 839 1542 fricti
876 1490 1064 1542 ciceris
1099 1489 1297 1558 probat
1333 1493 1391 1542 et
1424 1492 1576 1542 nucis
1612 1493 1837 1556 emptor,

274 1565 485 1632 Aequis
519 1565 793 1633 accipiunt
829 1566 1021 1618 animis
1061 1566 1332 1618 donantve
1367 1581 1575 1618 corona.
1894 1579 1963 1619 250

274 1640 489 1707 Syllaba
523 1640 687 1707 longa
719 1640 874 1693 brevi
911 1640 1161 1707 subjecta
1195 1643 1418 1693 vocatur
1453 1640 1678 1709 iambuS,

275 1716 382 1768 Pes
418 1716 587 1779 citus3
631 1716 778 1770 unde
815 1717 981 1770 etiam
1016 1716 1284 1769 trimetris
1318 1732 1622 1769 accrescere
1650 1716 1816 1783 jussit

275 1791 489 1845 Nomen
527 1791 770 1858 iambeiS‚
808 1809 930 1845 cum
967 1807 1126 1844 senos
1161 1789 1424 1844 redderet
1456 1791 1597 1845 ictus

280 1867 495 1919 Primus
530 1866 604 1919 ad
639 1871 945 1920 extremum
981 1866 1172 1918 similis
1209 1866 1326 1919 sibi.
1398 1867 1523 1919 Non
1557 1867 1637 1920 ita
1670 1867 1899 1935 pridem,

276 1941 506 1995 Tardior
539 1945 605 1995 ut
639 1942 802 2010 paulo
835 1942 1162 2028 graviorque
1196 1943 1406 1994 veniret
1440 1942 1512 1995 ad
1547 1958 1645 1994 aur
1647 1959 1720 2008 es,
1904 1957 1971 1994 255

277 2016 561 2086 Spondeos
597 2017 821 2071 stabiles
856 2018 914 2069 in
942 2016 1072 2084 jura
1104 2020 1336 2084 paterna
1369 2018 1577 2086 recepit

279 2092 610 2147 Commodus
645 2096 705 2146 et
738 2093 964 2160 patienS,
1000 2109 1108 2144 non
1144 2095 1209 2145 ut
1243 2092 1314 2145 de
1350 2092 1481 2144 sede
1516 2093 1751 2146 secunda

280 2168 520 2221 (lederet
554 2172 652 2221 aut
689 2172 885 2236 quarta
920 2168 1204 2221 socialiter.
1277 2167 1385 2219 Hic
1420 2171 1479 2220 et
1511 2168 1567 2219 in
1605 2169 1736 2220 Acci

280 2243 572 2296 Nobilibus
607 2243 872 2296 trimetris
907 2246 1136 2310 apparet
1170 2258 1341 2307 rarus,
1379 2247 1437 2295 et
1474 2243 1615 2295 Enni

283 2319 352 2372 In
389 2335 602 2371 scenam
639 2319 832 2371 missos
868 2335 990 2371 cum
1026 2334 1222 2384 magno
1257 2317 1501 2385 pondere
1536 2335 1723 2372 versus
1912 2343 1979 2381 εσυ

285 2397 403 2448 Aut
439 2411 635 2461 operae
671 2394 863 2448 celcris
897 2393 1125 2446 nimium
1160 2409 1397 2458 curaque
1435 2393 1667 2446 carentis

285 2472 405 2524 Aut
440 2469 720 2537 ignoratae
754 2471 958 2537 premit
992 2470 1128 2521 artis
1163 2468 1388 2520 crimine
1424 2468 1589 2534 turpi

285 2546 335 2599 N
341 2562 410 2598 on
448 2545 624 2613 quivis
658 2545 813 2598 videt
847 2544 1202 2597 immodulata
1237 2558 1423 2609 poem
1399 2546 1489 2593 ta
1517 2541 1707 2611 judex,

287 2621 361 2675 Et
397 2621 529 2674 data
566 2620 826 2674 Romanis
861 2619 1018 2672 venia
1053 2622 1142 2671 est
1175 2617 1400 2683 indigna
1433 2618 1624 2685 poetis,

288 2696 572 2750 Idcircone
609 2712 776 2762 vager
812 2694 1155 2760 scribamque
1190 2693 1418 2745 licenter
1431 2695 1448 2745 2
1497 2709 1565 2745 an
1602 2709 1788 2748 omncs
1921 2714 1988 2752 265

287 2772 520 2825 Visuros
554 2775 778 2840 peccata
811 2775 1000 2839 putem
1036 2786 1174 2833 mea,
1208 2772 1361 2820 tutus
1397 2770 1455 2821 et
1490 2769 1636 2821 intra

289 2848 456 2917 Spem
491 2848 682 2900 veniae
719 2846 942 2899 cautus?
1012 2844 1201 2895 Vitavi
1238 2844 1473 2910 denique
1512 2844 1741 2911 culpam,

290 2924 339 2977 N
347 2941 417 2976 on
453 2923 672 2976 laudem
707 2921 898 2974 merui.
968 2918 1084 2971 Vos
1122 2919 1454 2985 exemplaria
1490 2920 1698 2972 Graeca

291 2999 574 3053 Nocturna
607 3000 823 3051 versate
857 3010 1036 3058 manu,
1073 3010 1168 3046 vei
1172 2997 1287 3044 sate
1323 2992 1531 3046 diurna.

293 3078 377 3129 At
411 3074 579 3127 vestri
614 3073 804 3143 proavi
842 3069 1125 3123 Plautinos
1161 3072 1220 3120 ct
1253 3083 1508 3120 numeros
1541 3072 1600 3122 et
1922 3089 1988 3129 270

296 3149 519 3204 Laudat
524 3165 616 3202 ere
653 3148 821 3201 sales·
870 3145 1100 3199 nimium
1135 3142 1413 3212 patienter
1447 3147 1743 3215 utrumque
