2217 3559
296 102 388 149 160
822 98 1132 148 HORATII
1166 100 1428 148 FLACCI

285 180 510 234 Nodosa
547 183 768 249 corpuse‘
786 181 924 234 nolis
963 180 1255 250 prohibere
1298 182 1580 249 cheragra,

286 255 387 309 Est
426 255 663 323 quadam
702 256 922 324 prodire
959 261 1123 311 tenus
1162 257 1208 309 si
1244 274 1353 310 non
1396 256 1566 310 datur
1602 257 1753 311 ultra.

287 330 490 385 Fervet
525 332 753 385 avaritia
788 332 1097 401 miseroque
1134 333 1390 400 cupidine
1426 337 1634 401 pectus,

287 406 428 460 Sunt
461 401 630 461 verba
664 411 723 460 et
757 424 917 461 voces
953 408 1152 476 quibus
1187 407 1329 462 hunc
1365 407 1541 461 lenire
1577 408 1807 461 dolorem

289 482 470 536 Possis
505 487 564 536 et
598 499 850 550 magnam
885 479 1061 536 morbi
1100 482 1376 551 deponere
1412 487 1645 552 partem.
1934 496 1978 537 ³5

289 558 491 611 Laudis
525 575 710 613 amore
744 562 943 624 tumes,
980 560 1108 611 sunt
1144 559 1297 612 certa
1330 558 1546 627 piacula
1581 574 1720 627 quae
1752 559 1807 610 te

286 632 394 686 Ter
425 649 562 701 pure
597 634 744 687 lecto
777 637 1038 702 poterunt
1073 648 1324 687 recreare
1359 632 1561 688 libello.

287 708 525 775 Invidus,
560 709 867 777 iracundus,
903 709 1064 774 iners,
1101 710 1334 775 vinosus,
1371 712 1599 775 amator,

284 782 463 837 Nemo
497 783 636 838 adeo
669 785 820 837 ferus
857 787 943 837 est
977 787 1042 837 ut
1074 800 1184 836 non
1220 783 1511 838 mitescere
1546 784 1734 853 possit,

286 858 344 911 Si
378 859 542 913 modo
577 860 825 913 culturae
860 860 1163 929 patientem
1199 859 1510 913 commodet
1546 876 1744 913 aurem.
1936 872 1979 911 ιο

286 934 479 989 Virtus
515 940 600 989 est
634 936 825 988 vitium
861 935 1052 1002 fugere
1085 938 1146 988 et
1182 934 1450 1003 sapientia
1483 936 1665 1004 prima

284 1009 536 1064 Stultitia
570 1012 822 1065 caruisse.
895 1009 1069 1063 Vides
1105 1027 1248 1077 quae
1282 1012 1521 1065 maxima
1555 1007 1735 1064 credis

283 1085 421 1140 Esse
455 1087 614 1153 mala,
650 1087 906 1154 exiguum
942 1102 1165 1139 censum
1204 1090 1534 1155 turpemque
1568 1085 1856 1155 repulsam,

284 1160 501 1226 Quanto
537 1162 748 1216 devites
783 1161 948 1214 animi
985 1161 1287 1230 capitisque
1323 1161 1523 1215 labore.

284 1236 528 1306 Impiger
563 1242 838 1291 extremos
873 1237 1050 1291 curris
1084 1241 1358 1292 mercator
1392 1237 1467 1291 ad
1505 1238 1685 1303 Indos,
1934 1251 1975 1290 45

286 1313 391 1366 Per
424 1331 575 1367 mare
610 1313 928 1382 pauperiem
962 1313 1194 1381 sagien,
1229 1329 1332 1382 per
1366 1330 1512 1379 saxa,
1548 1330 1652 1381 per
1685 1317 1866 1382 ignes:

281 1388 370 1442 Ne
405 1406 560 1443 cures
597 1405 663 1443 ea
697 1406 839 1457 quae
876 1388 1044 1442 stulte
1079 1389 1299 1442 miraris
1335 1392 1395 1442 et
1430 1393 1590 1457 optas

281 1464 520 1531 Discere,
553 1470 613 1519 et
647 1464 853 1531 audire,
893 1469 951 1518 et
986 1464 1198 1517 meliori
1233 1464 1459 1518 credere
1495 1481 1604 1517 non
1640 1464 1759 1520 vis?

281 1538 415 1604 Quis
449 1541 648 1593 circum
685 1557 852 1608 pagos
889 1544 947 1593 et
983 1540 1187 1594 circum
1222 1540 1460 1608 compita
1493 1557 1719 1609 pugnax

279 1615 481 1684 Magna
516 1616 759 1670 coronari
795 1619 1108 1669 contemnat
1146 1615 1411 1685 Olympia,
1446 1617 1532 1669 cui
1571 1632 1715 1685 spes,
1931 1631 1975 1672 ω

279 1691 381 1745 Cui
417 1693 491 1746 sit
526 1692 765 1745 conditio
802 1691 977 1745 dulcis
1013 1691 1130 1745 sine
1166 1692 1391 1759 pulvere
1425 1691 1672 1760 palmae?

279 1767 457 1821 Vilius
494 1771 781 1835 argentum
818 1771 904 1821 est
938 1783 1086 1833 auro,
1122 1767 1422 1820 virtutibus
1456 1784 1668 1821 aurum.

277 1841 362 1895 “O
399 1844 561 1910 cives,
598 1844 758 1911 civeS,
795 1841 1109 1911 quaerenda
1144 1843 1373 1910 pecunia
1405 1844 1645 1912 primum
1682 1848 1799 1908 est3

277 1918 471 1973 Virtus
505 1923 630 1987 post
665 1918 955 1972 nummos.’'
1031 1918 1187 1970 Haec
1223 1918 1262 1970 J
1266 1935 1400 1971 anus
1436 1936 1683 1973 summus
1719 1920 1790 1973 ab
1825 1920 1927 1972 imo

278 1994 561 2061 Pel-docet,
599 1995 733 2048 haec
767 1995 1021 2048 recinunt
1048 1993 1283 2060 juvenes
1319 1994 1529 2048 dictata
1563 2011 1846 2064 senesque,
1925 2011 1966 2048 53

276 2070 456 2124 Laevo
492 2070 741 2138 suspensi
776 2070 978 2123 loculos
1011 2068 1367 2136 tabulamque
1402 2068 1619 2123 lacert0.

275 2145 376 2200 Est
411 2145 621 2198 animus
655 2144 774 2208 tibi,
814 2148 943 2198 sunt
978 2161 1158 2198 mores
1194 2147 1253 2197 et
1288 2145 1472 2211 lingua
1508 2144 1785 2214 fidesque3

274 2221 384 2275 Sed
420 2221 835 2289 quadringentis
872 2238 969 2274 sex
1005 2223 1218 2287 septem
1255 2220 1405 2273 milia
1439 2220 1657 2288 desunt,

273 2297 438 2351 Plebs
474 2297 596 2350 eris.
667 2299 749 2350 At
782 2297 936 2365 pueri
975 2296 1246 2364 ludentes,
1284 2296 1450 2349 “Rex
1485 2296 1634 2360 eris,”
1672 2297 1837 2364 aiunt,

273 2369 369 2427 “Si
404 2376 557 2426 recte
591 2372 801 2426 facies?
877 2372 986 2425 Hic
1021 2388 1210 2425 murus
1246 2376 1448 2425 aeneus
1485 2376 1620 2440 est0‚
1919 2390 1958 2428 σο

273 2449 322 2502 N
328 2450 367 2502 il
402 2449 644 2502 conscire
681 2448 798 2516 sibi,
834 2448 985 2501 nulla
1020 2448 1319 2515 pallescere
1355 2448 1528 2516 culpa.

273 2525 483 2593 Roscia,
518 2524 607 2577 dic
643 2524 817 2591 sodes,
853 2523 1047 2576 melior
1083 2523 1173 2575 lex
1209 2539 1279 2575 an
1314 2539 1609 2590 puerorum
1647 2529 1735 2578 est

271 2601 322 2653 N
324 2602 464 2667 enia,
499 2616 640 2668 quae
675 2615 903 2666 regnum
939 2602 1090 2652 recte
1127 2598 1455 2651 facientibus
1491 2599 1666 2666 offert,

271 2677 345 2730 Et
378 2675 619 2729 maribus
657 2674 836 2727 Curiis
872 2679 931 2728 et
966 2675 1259 2727 decantata
1296 2673 1572 2727 Camillis?

271 2751 398 2806 Isne
433 2751 538 2805 tibi
574 2750 769 2804 melius
805 2750 1003 2803 suadet
1038 2751 1134 2818 qui
1171 2766 1288 2802 rem
1323 2749 1503 2813 facias,
1538 2765 1673 2815 rem,
1908 2766 1946 2805 σε

270 2828 327 2882 Si
362 2828 536 2897 possis
571 2831 734 2892 recte,
773 2825 817 2878 si
854 2842 961 2878 non
997 2842 1322 2893 quocunque
1358 2825 1521 2877 modo
1555 2841 1688 2891 rem,

274 2904 349 2958 Ut
382 2903 605 2972 propius
642 2904 856 2969 spectes
891 2901 1177 2954 lacrimosa
1211 2903 1467 2967 poi-imata
1504 2899 1662 2968 Pupi,

269 2982 361 3031 An
396 2979 490 3046 qui
527 2977 804 3029 Fortunae
839 2979 897 3028 te
931 2991 1254 3042 responsare
1291 2974 1559 3041 superbae

271 3052 526 3105 Liberum
564 3055 622 3103 et
658 3054 901 3101 erectum
936 3064 1195 3117 praesens
1231 3048 1485 3100 hortatur
1521 3053 1579 3101 et
1616 3051 1800 3115 aptat?
1907 3055 1932 3086 θ’

270 3125 474 3189 Quodsi
511 3140 598 3175 me
634 3123 867 3191 populus
904 3122 1182 3176 Romanus
1215 3122 1359 3175 forte
1393 3127 1568 3191 roget,
1606 3139 1704 3177 cur
1895 3141 1950 3184 το,
