2217 3559
707 114 1121 165 CARMINUM
1155 112 1259 161 111.
1303 115 1376 172 10,
1422 114 1495 161 11.

532 198 591 254 Si
626 197 765 250 flava
800 194 1076 247 excutitur
1114 192 1281 245 Chloe

604 271 974 338 Rejectaeque
1008 270 1167 336 patet
1192 267 1365 334 janua
1400 265 1605 333 Lydiae
1623 277 1644 319 'f

535 349 875 414 Quamquam
913 343 1093 396 sidere
1129 342 1404 412 pulchrior

604 422 707 475 Ille
744 424 841 486 est,
876 423 942 473 tu
975 418 1147 471 levior
1181 417 1381 471 cortice
1416 419 1476 469 et
1509 415 1759 485 improbo

535 496 858 552 Iracundior
896 493 1127 560 Hadria,

1898 108 1959 155 53

604 572 803 624 Tecum
838 570 1020 622 vivere
1056 584 1249 634 amem,
1286 569 1469 620 tecum
1505 564 1698 618 obeam
1734 564 1925 618 libens

1075 702 1144 755 X.

538 787 865 841 Emmmm
902 782 1106 836 Tanain
1143 782 1189 835 si
1223 781 1459 850 biberes,
1497 781 1653 849 Lyce,

538 863 708 914 Saevo
743 862 918 927 nupta
951 858 1081 924 vim,
1118 873 1207 909 me
1241 859 1428 909 tamen
1463 873 1686 924 asperas

537 933 857 988 Porrectum
892 936 1021 985 ante
1055 932 1201 984 fores
1237 930 1473 999 objicere
1509 932 1697 985 incolis

605 1009 856 1076 Plorares
894 1006 1275 1076 Aquilonibus

541 1085 719 1141 Audis
754 1100 862 1153 quo
898 1083 1137 1151 strepitu
1164 1081 1349 1150 janua,
1387 1100 1495 1150 quo
1529 1100 1721 1137 nemus

539 1161 698 1214 Inter
730 1160 957 1227 pulchra
992 1162 1171 1211 satum
1207 1162 1353 1211 techa
1390 1160 1662 1225 remugiat

539 1236 750 1303 Ventis,
788 1240 847 1288 et
880 1234 1085 1302 positas
1121 1237 1185 1286 ut
1220 1234 1418 1300 glaciet
1451 1235 1603 1287 nives

606 1311 752 1364 Puro
787 1311 1009 1363 numine
1045 1310 1083 1361 J
1087 1310 1346 1378 uppitcr‘l

540 1387 822 1455 Ingratam
859 1386 1063 1439 Veneri
1099 1402 1241 1453 pone
1277 1385 1605 1453 superbiam,

539 1463 627 1515 Ne
663 1465 915 1515 currente
950 1465 1100 1514 retro
1136 1461 1279 1513 funis
1315 1465 1406 1514 eat
1441 1465 1578 1514 rota.

538 1537 663 1591 Non
700 1542 757 1590 te
796 1537 1104 1605 Penelopen
1143 1536 1416 1589 difficilem
1450 1537 1629 1604 procis

608 1612 916 1680 Tyrrhenus
950 1612 1141 1678 genuit
1177 1628 1389 1679 parens,

541 1687 588 1740 Ο
626 1688 869 1756 quamvis
905 1705 1081 1755 neque
1116 1691 1174 1739 te
1210 1704 1438 1741 munera
1471 1704 1571 1741 nec
1604 1704 1797 1755 preces

538 1763 658 1817 Nec
693 1763 896 1816 tinctus
933 1763 1072 1815 viola
1105 1762 1280 1830 pallor
1317 1764 1617 1818 amantium

538 1838 592 1891 N
595 1855 658 1892 ec
693 1838 777 1890 vir
813 1838 993 1890 Pieria
1030 1838 1224 1906 pellice
1261 1840 1472 1892 saucius

610 1914 827 1980 Curvat,
867 1913 1198 1982 supplicibus
1234 1914 1345 1966 tuis

540 1986 752 2056 ParcaS,
789 2006 890 2041 nec
924 1989 1102 2056 rigida
1138 1989 1349 2041 mollior
1384 1990 1598 2043 aesculo

540 2064 591 2117 N
597 2081 658 2118 ec
695 2064 903 2117 Mauris
937 2065 1179 2117 animum
1213 2065 1398 2117 mitior
1433 2066 1712 2132 anguibus

537 2140 591 2194 N
595 2156 661 2192 on
700 2139 800 2193 hoc
836 2155 1050 2207 semper
1086 2140 1196 2192 erit
1229 2140 1429 2194 liminis
1464 2147 1560 2194 aut
1594 2157 1768 2210 aquae

609 2215 876 2269 Caelestis
909 2216 1127 2283 patiens
1163 2216 1319 2269 latus.

1057 2360 1161 2413 XI.

539 2442 1016 2507 limeum-nam
1050 2446 1112 2495 te
1149 2441 1341 2495 docilis
1376 2442 1639 2510 magistro

539 2518 715 2572 Movit
753 2518 1029 2586 Amphion
1065 2518 1278 2586 lapides
1313 2519 1643 2587 canende,—

540 2593 729 2662 'Puque
765 2592 989 2646 testudo
1024 2609 1278 2646 resonare
1314 2597 1527 2661 septem

609 2668 821 2722 Callida
854 2669 1050 2736 nerviS,

538 2744 591 2798 N
595 2761 658 2797 ec
694 2745 893 2812 loquax
928 2744 1056 2796 olim
1091 2760 1269 2818 neque
1305 2748 1476 2811 grata,
1512 2762 1654 2799 nunc
1690 2751 1749 2800 ct

539 2818 786 2873 Divitum
821 2820 1024 2873 mensis
1059 2823 1119 2872 et
1153 2820 1326 2873 amica
1360 2821 1595 2887 templis,

539 2893 642 2947 Dic
676 2895 866 2947 modos
903 2894 1054 2962 Lyde
1091 2894 1290 2962 quibus
1326 2895 1624 2948 obstinatas

608 2970 870 3038 Applicet
904 2987 1078 3038 aurcS,

540 3044 691 3107 Quae
725 3044 875 3097 velut
910 3045 1035 3097 latis
1072 3061 1215 3113 equa
1249 3045 1415 3097 trima
1449 3047 1653 3114 campis

538 3117 708 3174 Ludit
744 3119 1001 3173 exsultim
1035 3120 1344 3188 metuitque
1379 3121 1531 3185 tangi

1917 1478 1960 1517 lo

1921 1853 1963 1892 15

1920 3136 1963 3174 10
