2217 3559
246 109 312 156 86

746 96 1055 146 CARMEN
1088 98 1483 149 SECULARE.

592 185 769 239 Roma
801 187 849 239 si
882 189 1126 240 vestrum
1161 189 1248 240 est
1283 202 1436 255 opus,
1474 186 1728 255 Iliaeque

593 262 778 315 Littus
813 262 1103 314 Etruscum
1142 264 1373 315 tenuere
1407 266 1640 327 turmae,

593 338 629 392 J
635 353 763 390 ussa
795 353 924 404 pars
958 340 1175 390 mutare
1212 336 1388 390 Lares
1422 340 1484 390 et
1515 337 1711 390 urbem

663 412 879 480 Sospite
914 427 1091 478 cursu,
1936 428 1992 467 ιο

596 487 698 540 Cui
732 503 834 554 per
867 486 1154 540 ardentem
1190 487 1310 541 sine
1342 487 1539 540 fraude
1575 487 1797 555 'frojam

597 563 794 615 Castus
830 564 1051 615 Aeneas
1086 563 1300 630 patriae
1336 566 1615 629 superstes

595 636 856 690 Liberum
889 636 1123 691 munivit
1154 636 1280 704 itcr,
1317 637 1548 733 daturus

665 712 833 765 Plura
866 712 1102 767 relictis:

596 786 685 855 Di,
715 787 913 855 probos
947 804 1128 841 mores
1163 788 1326 841 docili
1354 787 1633 857 juventae,
1928 804 1980 842 45

597 862 685 929 Di,
723 863 993 917 senectuti
1027 864 1276 932 placidae
1312 865 1572 932 quietem,

598 938 864 992 Romulae
897 939 1049 1007 genti
1084 939 1219 993 date
1252 956 1481 1009 remque
1515 938 1834 1009 prolemque

668 1015 742 1067 Et
777 1014 945 1067 decus
979 1019 1174 1068 omne!

599 1089 861 1158 Quaeque
894 1105 991 1142 vos
1024 1089 1199 1142 bobus
1234 1093 1527 1143 veneratur
1560 1088 1698 1142 albis

601 1165 792 1217 Clarus
829 1164 1104 1217 Anchisae
1142 1165 1486 1232 Venerisque
1522 1164 1758 1231 sanguis,
1918 1179 1972 1217 ω

601 1239 886 1308 Impetret,
922 1238 1163 1293 bellante
1196 1241 1362 1308 prior,
1391 1239 1673 1307 jacentem

669 1314 833 1367 Lenis
865 1314 924 1367 in
958 1313 1205 1368 hostem!

598 1389 637 1442 J
641 1405 729 1442 am
763 1389 901 1441 mari
935 1392 1196 1457 terraque
1232 1406 1425 1443 manus
1461 1391 1716 1457 potentes

601 1463 799 1518 Medus
836 1464 1187 1533 Albanasque
1222 1466 1385 1518 timet
1420 1481 1652 1531 secures,

599 1540 639 1594 J
642 1556 730 1592 am
766 1539 997 1608 Scythae
1030 1557 1290 1608 responsa
1321 1543 1521 1609 petunt
1556 1537 1775 1609 superbi
1914 1552 1968 1593 ⁵5

670 1616 876 1682 Nuper,
913 1619 973 1669 et
1010 1616 1154 1669 Indi.

601 1690 640 1743 J
643 1706 730 1743 am
768 1691 933 1743 Fides
967 1694 1021 1743 et
1062 1691 1178 1744 Pa‘x
1214 1694 1272 1745 et
1308 1692 1500 1745 Honos
1537 1690 1841 1758 Pudorque

604 1765 822 1818 Priscus
857 1770 915 1819 et
949 1766 1200 1833 neglecta
1234 1766 1415 1819 redire
1453 1766 1646 1818 Virtus

604 1841 809 1907 Audet,
844 1846 1182 1909 apparetque
1216 1841 1380 1894 beata
1412 1841 1574 1909 pleno

673 1916 841 1984 Copia
874 1932 1056 1971 cornu.
1918 1929 1968 1968 6ο

606 1994 801 2059 Augur
836 1995 896 2045 et
927 1991 1174 2059 fulgente
1210 1992 1441 2045 decorus
1474 2008 1604 2045 arcu

606 2066 860 2120 Phoebus
894 2071 1258 2135 acceptusque
1293 2083 1489 2119 novem
1526 2064 1795 2134 Camenis,

607 2142 712 2206 Qui
745 2142 970 2195 salutari
1005 2142 1153 2195 levat
1188 2144 1308 2195 arte
1343 2141 1516 2195 fessos

674 2217 929 2285 Corporis
962 2220 1130 2283 artus,

609 2292 665 2346 Si
704 2292 977 2347 Palatinas
1012 2293 1167 2345 videt
1201 2307 1408 2359 aequus
1442 2308 1597 2346 arces
1918 2305 1967 2345 σε

608 2369 855 2436 Remque
893 2368 1195 2421 Romanam
1234 2367 1577 2436 Latiumque,
1614 2366 1744 2419 felix

607 2444 862 2497 Alterum
896 2443 954 2495 in
988 2443 1221 2496 lustrum
1257 2443 1560 2511 meliusque
1595 2458 1815 2510 semper

675 2518 942 2586 Proroget
977 2534 1186 2571 aevum.

609 2592 869 2663 Quaeque
904 2594 1240 2647 Aventinum
1276 2595 1432 2646 tenet
1468 2592 1858 2660 Algidumque,

608 2669 927 2732 Quindecim
964 2668 1143 2721 Diana
1176 2683 1368 2735 preces
1402 2668 1641 2721 virorum
1918 2681 1964 2722 70

607 2746 779 2798 Curet
813 2747 871 2797 et
904 2743 1045 2797 votis
1079 2760 1376 2812 puerorum
1411 2744 1632 2797 amicas·

676 2820 934 2889 Applicet
968 2835 1143 2872 aureS.

606 2894 759 2949 Haec
794 2895 832 2946 J
835 2911 988 2948 ovem
1024 2893 1230 2947 sentire
1265 2893 1507 2962 deosque
1540 2896 1766 2946 cunctos

607 2972 768 3036 Spem
804 2969 999 3021 bonam
1035 2972 1351 3037 certamque
1386 2968 1608 3020 domum
1641 2970 1880 3037 reporto,

606 3043 814 3095 Doctus
848 3045 907 3094 et
944 3042 1152 3094 Phoebi
1188 3041 1384 3096 chorus
1418 3047 1478 3096 et
1513 3042 1723 3097 Dianae
1916 3074 1957 3111 75

677 3116 874 3168 Dicere
908 3115 1116 3170 laudes.

2145 1654 2191 1775 AIA
