2217 3559
235 134 330 180 208
784 131 1087 181 HORATII
1122 131 1257 179 ΕΒΑ
1268 133 1387 180 CCI

237 211 497 265 Offendar
531 212 770 276 maculis,
811 228 945 280 quas
981 209 1079 265 aut
1115 213 1326 263 incuria
1361 213 1503 266 fudit
1625 255 1632 264 .

236 289 355 341 Aut
393 287 629 341 humana
665 305 857 356 parum
896 287 1037 340 cavit
1075 293 1286 340 natura
1362 288 1507 351 Quid
1541 304 1668 355 ergo
1723 291 1836 341 est
1855 288 1882 341 2

234 361 315 416 Ut
353 363 584 430 scriptor
621 363 667 415 si
705 366 893 431 peccat
929 353 1076 416 idem
1113 357 1371 417 librarius
1407 381 1571 431 usquo

236 438 495 501 Quunvis
529 441 615 491 est
652 439 890 492 monitus
927 439 1084 491 venia
1123 442 1302 502 earet3
1340 444 1402 491 ut
1437 435 1803 491 citharoedus
1905 451 1989 491 355

237 513 475 568 Ridctur
513 514 717 570 chorda
752 514 845 582 qui
884 530 1099 580 semper
1137 513 1356 566 oberrat
1396 515 1606 567 eadem:

237 591 326 644 Sic
363 590 496 644 mihi
533 591 627 657 qui
663 590 896 643 multum
931 592 1109 643 cessat
1148 589 1214 641 fit
1255 589 1542 642 Choerilus
1573 589 1665 652 ille,

237 668 412 732 Quem
448 667 535 719 bis
571 670 725 719 terve
762 664 963 718 bonum
998 681 1122 716 eum
1161 665 1275 716 risu
1313 665 1514 731 miror3
1550 671 1602 718 et
1634 665 1792 717 idem

239 744 503 811 Indignor
543 741 867 810 quandoque
905 739 1079 792 bonus
1118 739 1383 793 dormitat
1423 740 1708 804 Homerus3

239 820 464 886 (Verum
506 818 655 885 operi
695 816 852 882 longo
888 816 971 867 fas
1008 818 1095 867 est
1132 814 1396 882 obrepere
1436 818 1697 881 somnum.)
1882 829 1961 867 eoo

238 895 319 949 Ut
355 896 569 963 pictura
608 891 815 960 poesis:
849 891 956 943 erit
994 905 1134 956 quae
1172 889 1218 941 si
1256 892 1481 958 propius
1517 896 1626 944 stes

238 971 315 1023 Te
349 971 529 1037 capiat
567 968 753 1034 magia
794 969 852 1019 et
891 965 1164 1032 quaedam
1204 964 1250 1017 si
1289 966 1503 1033 longius
1542 967 1723 1020 abstes⁸

241 1046 395 1098 Hace
429 1047 577 1097 amat
611 1043 915 1107 obscurum,
952 1040 1100 1094 volet
1138 1040 1272 1093 haec
1308 1042 1418 1093 sub
1447 1042 1568 1096 luce
1600 1043 1768 1109 videri,

239 1122 275 1173 J
281 1121 456 1173 udicis
493 1122 749 1187 argutum
785 1133 926 1184 quae
959 1133 1068 1168 non
1106 1116 1370 1169 formidat
1409 1134 1663 1182 acumem

242 1197 397 1250 Haec
433 1195 638 1264 placuit
673 1192 856 1260 semel,
893 1191 1026 1244 haec
1065 1192 1247 1244 decies
1285 1194 1524 1261 repetita
1561 1194 1793 1262 placebit.
1858 1207 1938 1245 365

241 1273 288 1325 O
328 1272 504 1340 major
533 1270 814 1337 juvenum,
853 1267 1101 1334 quamvis
1140 1272 1199 1320 et
1238 1285 1367 1321 voce
1406 1272 1637 1336 paterna

243 1348 491 1416 Fingeris
525 1346 597 1399 ad
632 1349 843 1397 rectum
880 1347 939 1396 et
972 1359 1072 1411 per
1104 1346 1165 1397 te
1200 1345 1362 1411 8711118,
1400 1344 1503 1396 hoc
1538 1345 1637 1398 tibi
1674 1344 1853 1397 dictum

243 1424 393 1476 Tolle
430 1438 654 1486 memor,
692 1418 858 1473 certis
894 1419 1136 1476 medium
1176 1423 1233 1471 et
1269 1419 1558 1472 tolerabile
1594 1420 1749 1473 rebus

245 1501 415 1553 Recte
452 1496 686 1551 concedi.
759 1494 1050 1548 Consultus
1080 1493 1226 1561 juris
1268 1499 1326 1547 et
1364 1499 1518 1548 actor

245 1576 542 1629 Causarum
579 1570 866 1624 mediocris
904 1569 1061 1622 abest
1097 1569 1302 1622 virtute
1340 1570 1534 1623 diserti

246 1650 534 1704 Messallae
576 1664 675 1700 nee
714 1647 815 1699 scit
853 1647 1118 1714 quantum
1159 1644 1453 1698 Cascellius
1492 1647 1683 1711 Aulus,

247 1726 356 1779 Sed
394 1729 580 1778 tamen
614 1723 671 1774 in
708 1721 888 1789 pretio
925 1724 1037 1773 est:
1073 1720 1441 1773 mediocribus
1479 1738 1600 1775 esse
1635 1721 1802 1789 poetis

247 1803 372 1854 Non
408 1800 669 1862 homines,
708 1813 815 1849 non
854 1796 926 1869 di,
963 1811 1072 1847 non
1111 1796 1436 1848 concessere
1462 1796 1756 1850 columnae.

248 1878 328 1930 Ut
364 1880 548 1943 gratas
585 1875 730 1926 inter
767 1887 981 1925 mensas
1020 1871 1340 1938 symphonia
1378 1872 1587 1924 discors

250 1954 321 2005 Et
345 1966 584 2003 crassum
607 1951 944 2015 unguentum
969 1950 1028 1999 et
1054 1946 1229 1998 Sardo
1253 1962 1375 1999 eum
1399 1946 1562 2000 melle
1584 1964 1812 2015 papaver
1863 1961 1919 2000 375

250 2026 562 2090 Offendunt,
600 2026 818 2091 poterat
855 2020 981 2073 duci
1023 2020 1153 2088 quia
1189 2037 1357 2073 coena
1398 2022 1515 2075 siue
1553 2023 1699 2075 istis:

250 2103 340 2155 Sic
373 2101 566 2154 animis
602 2101 791 2151 natum
830 2095 1223 2164 inventumque
1259 2101 1454 2164 poema
1480 2096 1755 2165 juvandis,

251 2178 309 2232 Si
346 2177 569 2246 paulum
605 2189 814 2226 summo
852 2171 1089 2224 decessit
1125 2173 1306 2239 vergit
1338 2172 1412 2224 ad
1449 2172 1633 2226 imum.

253 2253 470 2306 Ludere
508 2250 602 2317 qui
638 2248 812 2301 nescit
849 2247 1249 2314 campestribus
1284 2247 1525 2301 abstinet
1559 2248 1740 2313 armiS,

255 2328 624 2393 Indoctusque
661 2323 805 2392 pilae
842 2321 1044 2374 discive
1079 2321 1325 2375 trochive
1361 2323 1607 2391 quiescit,

253 2405 340 2458 Ne
379 2403 582 2470 spissae
619 2401 789 2453 risum
828 2396 1027 2450 tollant
1063 2397 1286 2465 impune
1325 2414 1579 2452 coronae:

255 2480 361 2544 Qui
398 2477 570 2530 nescit
606 2490 798 2528 versus
835 2477 1020 2525 tamen
1057 2472 1227 2525 audet
1263 2473 1487 2539 fingere.
1561 2474 1796 2537 Quidni?

256 2555 422 2609 Liber
458 2557 518 2606 et
553 2552 834 2617 ingenuuS‚
873 2548 1197 2616 praesertim
1238 2564 1431 2601 census
1469 2554 1781 2615 equestrem

256 2633 532 2686 Summam
568 2640 910 2679 nummorum
949 2623 1191 2690 vitioque
1228 2626 1471 2676 remotus
1506 2624 1576 2677 ab
1612 2626 1771 2679 omni.

256 2708 338 2759 Tu
374 2704 509 2758 nihil
551 2702 723 2755 invita
761 2700 910 2752 dices
945 2697 1182 2750 faciesve
1219 2698 1295 2750 Μ
1301 2715 1498 2762 nerva3

260 2782 327 2835 Id
365 2780 469 2834 tibi
499 2776 771 2864 judicium
809 2777 911 2840 est,
949 2790 1015 2826 ea
1052 2773 1352 2826 1110118.Ξί
1391 2740 1526 2841 quid
1561 2778 1746 2828 tamen
1778 2777 1886 2829 olim

258 2856 549 2924 Scripseris
584 2853 640 2904 in
682 2850 862 2903 Maeci
900 2849 1199 2901 descendat
1230 2848 1433 2915 judicis
1472 2866 1633 2901 aures

259 2934 332 2985 Et
364 2930 503 2997 ρ111
490 2944 536 2979 is
574 2931 631 2979 et
667 2929 897 2988 nostras,
935 2939 1245 2988 nonumque
1279 2927 1561 2990 prematur
1596 2925 1652 2976 in
1687 2942 1879 2995 annum,

258 3002 593 3059 Membranis
627 3000 732 3051 int
729 3015 775 3049 s
811 2997 1030 3063 positis:
1067 2996 1255 3049 delere
1290 2997 1477 3050 licebit

258 3077 417 3143 Quod
452 3091 558 3124 non
594 3072 860 3133 edideris;
895 3070 1068 3122 nescit
1102 3086 1207 3122 vox
1242 3071 1408 3122 missa
1442 3074 1669 3125 reverti·

258 3150 546 3204 Silvestres
581 3144 825 3196 homines
860 3159 1013 3194 sacer
1048 3143 1429 3210 interpresque
1464 3146 1693 3200 deorum

2151 244 2207 278 i
