2217 3559
192 90 256 138 16

739 97 839 144 ΗΟ
847 96 1049 143 ltA'l'II
1085 95 1346 143 FLACOI

464 179 777 233 'ferminum
815 177 960 229 curis
994 192 1165 243 vagor
1199 176 1489 245 expeditis,

537 254 703 320 Fugit
739 254 1020 318 inormem,

466 329 636 393 Quale
674 334 989 396 portentum
1029 345 1209 397 neque
1245 329 1496 381 militaris

465 405 707 468 Daunias
742 405 867 457 latis
902 405 1002 457 alit
1036 404 1342 469 aesculetis,

466 481 582 534 Nec
618 480 656 533 J
659 480 799 534 ubae
834 481 999 533 tellus
1034 485 1265 548 generat
1300 479 1514 532 leonum
1611 500 1616 505 ·

534 556 708 610 Arida
743 556 946 609 nutrix.

463 632 613 685 Pone
649 648 738 685 me
772 631 942 699 pigris
977 632 1071 684 ubi
1111 632 1260 684 nulla
1296 632 1503 701 campis

465 707 649 761 Arbor
682 708 890 761 aestiva
926 711 1208 760 recreatur
1243 723 1392 773 aura,

463 783 624 848 Quod
659 783 803 836 latus
839 783 1030 835 mundi
1067 783 1300 836 nebulae
1336 783 1621 852 malusque

529 859 792 928 Juppiter
825 863 1020 925 urget3
1253 860 1258 865 ’

464 934 612 987 Pone
649 934 751 987 sub
787 951 950 986 curru
985 933 1214 985 nimium
1249 933 1541 1003 propinqui

463 1010 601 1062 Solis
636 1010 692 1061 in
730 1012 880 1061 terra
916 1006 1171 1061 domibus
1208 1011 1438 1075 negata:

464 1086 638 1139 Dulce
673 1084 952 1137 ridentem
992 1084 1230 1150 Lalagen
1266 1082 1474 1147 amabo,

529 1158 703 1211 Dulce
738 1158 1069 1228 loquentem.

926 1301 1151 1357 XXIII.

465 1382 636 1437 VITAS
671 1384 926 1441 hinnuleo
963 1403 1053 1439 me
1090 1386 1295 1452 similis,
1336 1386 1519 1454 Chloe,

459 1461 756 1524 Quaerenti
791 1461 1046 1530 pavidam
1081 1461 1360 1514 montibus
1396 1462 1527 1516 aviis

530 1537 766 1590 Matrem
802 1554 911 1591 non
948 1538 1067 1590 sine
1102 1554 1241 1590 vano

596 1612 872 1664 Auramm
909 1616 968 1666 et
1004 1613 1178 1665 siliiae
1212 1617 1398 1667 nictu:

457 1684 599 1738 Nam
635 1702 732 1737 seu
766 1686 1058 1739 mobilibus
1092 1688 1238 1740 veris
1274 1687 1546 1742 inhorruit

457 1760 749 1814 Adventus
784 1760 929 1813 foliis
964 1778 1058 1813 seu
1097 1763 1304 1814 virides
1339 1763 1537 1816 rubum

524 1835 818 1888 Dimovere
851 1835 1103 1902 lacertae,

598 1911 671 1964 Et
706 1911 872 1964 corde
909 1915 967 1963 et
1001 1911 1233 1978 genibus
1268 1913 1474 1966 tremit.

457 1987 632 2055 Atqui
669 2004 776 2038 non
812 2003 912 2054 ego
948 1990 1006 2040 te
1040 1988 1199 2054 tigris
1233 1992 1299 2041 ut
1333 2004 1530 2056 aspera

455 2062 786 2115 Gaetulusve
820 2062 908 2115 leo
943 2063 1197 2130 frangere
1231 2080 1560 2131 persequor:

526 2138 767 2191 Tandem
806 2138 994 2192 desine
1030 2143 1263 2192 matrem

591 2213 936 2281 Tempestiva
971 2216 1127 2284 sequi
1162 2215 1287 2270 viro.

922 2358 1138 2412 XXIV.

454 2438 591 2501 Quis
626 2439 900 2494 desiderio
937 2443 1010 2495 sit
1044 2442 1222 2509 pudor
1257 2446 1353 2495 aut
1389 2440 1584 2493 modus

453 2514 584 2567 'Pam
621 2516 732 2568 cari
767 2516 994 2584 capitis?
1069 2517 1330 2585 Praecipe
1368 2517 1626 2584 lugubres

452 2590 675 2657 CantuS,
715 2591 1076 2659 Melpomene,
1115 2593 1202 2645 cui
1237 2592 1501 2660 liquidam
1535 2595 1696 2660 pater

521 2666 723 2720 Vocem
762 2683 885 2719 cum
920 2667 1132 2721 cithara
1167 2667 1337 2719 dedit.

450 2740 595 2807 Ergo
633 2741 985 2805 Quinctilium
1019 2747 1320 2809 perpetuus
1357 2757 1519 2808 sopor

449 2813 652 2881 Urget!
692 2815 779 2867 cui
818 2815 1006 2869 Pudor
1041 2820 1100 2869 et
1138 2817 1172 2868 J
1179 2816 1404 2885 ustitiae
1438 2833 1588 2871 seror

453 2890 776 2960 Incorrupta
813 2891 980 2945 Fides
1014 2892 1273 2959 nudaque
1311 2892 1533 2944 Veritas

517 2968 745 3029 Quando
780 2968 953 3021 ullum
988 2968 1235 3021 inveniet
1268 2969 1491 3035 parem?

448 3040 639 3094 Multis
674 3043 765 3095 ille
800 3042 956 3096 bonis
992 3043 1188 3113 flebilis
1224 3041 1438 3106 occidit,

448 3115 594 3169 Nulli
632 3117 862 3171 flebilior
896 3135 1057 3186 quam
1097 3116 1217 3181 tibi,
1255 3116 1468 3182 Virgili.

1838 2075 1888 2114 lo

1846 3127 1884 3163 ¹1*

2143 249 2207 470 ῌ-ιὶιι

2149 1515 2207 1775 [θ’-..μ
