2217 3559
265 132 326 178 84

786 126 1196 177 OARMINUM
1225 125 1326 175 IV.
1363 127 1443 176 15.

531 210 640 263 Pcr
675 225 812 277 quas
850 209 1105 262 Latinum
1141 224 1339 261 nomen
1376 210 1437 261 et
1472 207 1651 262 Italae

530 284 766 338 Grevere
800 283 944 337 vires
977 284 1231 351 famaque
1268 285 1325 335 ct
1362 282 1557 350 imperi

600 359 860 413 Porrecta
894 359 1159 426 majestas
1195 357 1267 410 ad
1303 362 1457 410 ortus

668 434 807 488 Solis
842 433 913 487 ab
952 434 1225 502 Hesperio
1260 431 1439 486 cubili.

531 509 774 564 Custode
809 526 992 563 rerum
1030 510 1265 563 Caesare
1299 524 1407 561 non
1444 508 1596 562 furor

531 585 718 640 Civilis
752 587 850 638 aut
884 585 965 637 vis
1001 585 1190 652 exiget
1222 583 1411 650 otium,

599 661 651 714 N
654 677 724 712 on
761 660 843 713 ira
879 676 1019 728 quae
1054 658 1311 727 procudit
1345 674 1506 712 enses

671 736 744 789 Et
778 736 1005 789 miseras
1040 735 1285 788 inimicat
1318 733 1497 787 urbes.

530 811 583 865 N
587 828 656 864 on
691 811 785 879 qui
819 810 1151 878 profundum
1187 809 1498 862 Danubium
1533 809 1734 866 bibunt

528 886 725 940 Edicta
759 889 1016 953 rumpent
1049 886 1087 939 J
1090 885 1216 952 ulia,
1251 901 1361 938 non
1396 885 1585 954 Getae,

595 962 649 1015 N
653 978 722 1013 on
760 960 919 1015 Seres
953 960 1177 1013 infidive
1215 961 1433 1028 Persae,

557 1078 565 1088 .
665 1036 791 1089 Non
827 1036 1035 1088 Tanain
1071 1052 1244 1104 prope
1280 1035 1483 1088 flumen
1518 1035 1641 1089 orti.

526 1112 752 1180 Nosque
787 1115 847 1165 et
880 1111 1137 1179 profestis
1170 1110 1382 1165 lucibus
1417 1114 1478 1165 et
1512 1111 1681 1164 sacris

527 1188 686 1242 Inter
712 1186 887 1254 jocosi
922 1203 1152 1240 munera
1188 1186 1374 1240 Liberi
1569 1183 1582 1192 ”

561 1310 571 1325 ,
599 1262 738 1315 Cum
772 1262 924 1329 prole
958 1262 1334 1330 matronisque
1369 1260 1586 1328 nostri8‚

665 1337 794 1390 Rite
826 1337 961 1390 deos
995 1338 1149 1405 prius
1183 1337 1477 1405 apprccati,

525 1413 752 1466 Virtute
785 1412 998 1466 functos
1034 1428 1186 1465 more
1221 1416 1441 1480 pat-rum
1476 1410 1646 1466 duces

440 1561 444 1565 .
527 1488 695 1557 Lydis
729 1489 964 1542 remixto
999 1488 1236 1542 carmine
1272 1486 1424 1540 tibiis

594 1564 921 1633 Trojamque
955 1567 1013 1617 et
1052 1564 1329 1617 Anchisen
1367 1566 1425 1616 et
1459 1562 1635 1617 almae

662 1639 987 1708 Progeniem
1024 1639 1261 1694 Veneris
1295 1653 1569 1692 canemus.
