2217 3559
291 126 384 172 122
852 120 1164 169 HORATII
1197 120 1459 170 FLACCI

289 202 480 255 Infans
514 214 753 267 namque
788 199 969 266 pudor
1003 200 1332 268 prohibebat
1367 201 1524 269 plura
1557 199 1781 269 profari,

287 277 413 330 Non
450 292 553 343 ego
589 291 678 328 me
714 274 860 327 claro
896 279 1083 328 natum
1121 280 1296 343 patre,
1331 293 1438 329 non
1474 291 1576 344 ego
1611 277 1817 330 circum

286 351 382 405 Me
419 351 748 407 Satureiano
782 350 985 402 vectari
1023 367 1156 403 rura
1189 351 1412 418 caballo,

286 427 398 481 Sed
422 426 572 496 quod
597 441 748 479 eram
774 441 949 478 narro,
1022 426 1343 493 Respondes
1366 431 1431 481 ut
1452 430 1582 480 tuus
1605 430 1693 480 est
1715 443 1834 479 mos
1961 443 2012 482 m

286 502 492 558 Pauca:
535 502 703 567 abe03
751 505 812 555 et
846 517 1067 554 revocas
1101 518 1244 553 nono
1279 505 1404 570 post
1439 518 1625 555 mense
1650 501 1936 569 jubesque

284 575 421 629 Esse
455 577 514 629 in
549 576 847 629 amicorum
882 591 1125 628 numem.
1195 574 1457 643 Magnum
1492 576 1596 630 hoc
1631 594 1735 644 ego
1770 577 1918 630 duco

284 652 446 715 Quod
482 653 663 720 placui
700 652 803 704 tibi
839 651 935 720 qui
970 652 1121 718 turpi
1158 652 1396 705 secernis
1432 651 1738 719 honestum,

281 726 409 781 Non
444 733 606 796 patre
641 727 921 795 praeclaro
958 726 1060 779 scd
1094 726 1210 779 vita
1243 731 1304 781 et
1337 731 1560 795 pectore
1594 745 1751 796 puro,

284 805 461 872 Atqui
499 805 546 856 si
582 804 730 856 vitiis
765 801 1131 855 mediocribus
1167 818 1231 854 ac
1265 819 1388 856 mea
1421 804 1609 870 paucis
1627 816 1642 827 ⁸
1957 818 2008 858 ⁶3

282 878 554 934 Mendosa
589 884 676 933 est
709 882 908 932 natura
941 877 1143 946 alioqui
1179 881 1345 945 recta,
1382 879 1534 932 velut
1568 879 1614 932 si

283 953 523 1023 Egregie
558 956 833 1023 inspersos
867 953 1239 1021 reprehendas
1275 970 1501 1023 corpore
1536 971 1765 1020 naevos3

283 1030 342 1083 Si
377 1048 559 1098 neque
594 1030 879 1084 avaritiam
915 1045 1094 1097 neque
1133 1029 1323 1082 sordes
1359 1033 1457 1083 aut
1491 1030 1633 1084 mala
1668 1031 1846 1084 lustra

284 1105 525 1174 Objiciet
560 1123 687 1160 vere
723 1105 1009 1174 quisquam
1045 1105 1195 1171 mihi,
1232 1122 1403 1173 purus
1438 1109 1496 1158 et
1530 1105 1716 1159 insons

284 1183 384 1249 (Ut
420 1199 509 1236 me
544 1180 864 1245 collaudem)
902 1180 949 1233 si
984 1183 1042 1233 et
1077 1180 1200 1232 vivo
1236 1197 1394 1233 carus
1430 1180 1647 1245 amicis3
1953 1197 2002 1235 ω

284 1258 463 1312 Causa.
497 1258 604 1311 fuit
639 1261 798 1324 pater
832 1257 932 1321 his,
969 1255 1064 1324 qui
1098 1272 1281 1310 macro
1317 1272 1530 1324 pauper
1563 1256 1742 1342 agello

284 1334 476 1388 Noluit
511 1334 569 1386 in
609 1332 762 1385 Flavi
797 1331 986 1385 ludum
1021 1349 1112 1385 me
1146 1332 1388 1400 mittere,
1425 1332 1608 1399 magni

284 1409 404 1474 Quo
439 1409 597 1478 pueri
632 1408 843 1495 magnis
878 1424 910 1461 e
947 1407 1359 1461 centurionibus
1393 1408 1516 1476 orti,

284 1484 465 1538 Laevo
502 1484 751 1554 suspensi
786 1483 988 1537 loculos
1024 1483 1380 1550 tabulamque
1414 1480 1630 1550 lacerto}

285 1561 451 1615 Ibant
487 1560 695 1613 octonis
730 1559 1034 1612 referentes
1074 1559 1267 1611 Idibus
1302 1574 1458 1611 aera:
1621 1574 1628 1579 ·
1943 1573 1996 1612 τε

284 1636 396 1690 Sed
430 1652 660 1705 puerum
698 1639 786 1688 est
822 1650 986 1687 ausus
1024 1633 1252 1687 Romam
1289 1639 1511 1703 portare
1546 1634 1853 1688 docendum

285 1714 456 1766 Artes
491 1729 629 1780 quas
665 1711 859 1764 doceat
895 1709 1071 1777 quivis
1106 1725 1275 1776 eques
1312 1714 1481 1778 atque
1516 1715 1738 1765 senator

285 1790 471 1842 Semet
504 1790 812 1856 prognatos.
884 1785 1112 1838 Vestem
1150 1801 1442 1854 servosque
1478 1791 1785 1853 sequentes,

288 1864 355 1917 In
390 1880 585 1931 magno
622 1868 685 1916 ut
718 1861 930 1931 populo,
968 1860 1014 1912 si
1051 1859 1146 1928 qui
1182 1859 1424 1927 vidisset,
1461 1861 1609 1914 avita

287 1939 370 1992 Ex
406 1955 468 1991 re
503 1938 753 2005 praeberi
789 1939 1040 2003 sumptus
1074 1935 1211 1987 mihi
1247 1935 1499 1990 crederet
1533 1937 1666 1990 illos,
1942 1952 1991 1988 eo

288 2017 416 2083 Ipse
450 2014 584 2066 mihi
619 2016 801 2066 custos
837 2011 1337 2079 incorruptissimus
1373 2028 1558 2065 omnes

286 2091 505 2143 Circum
541 2089 793 2142 doctores
828 2087 1036 2141 aderat.
1109 2086 1254 2151 Quid
1292 2087 1496 2141 multa?
1570 2087 1852 2155 Pudicam,

289 2165 393 2229 Qui
431 2165 641 2234 primus
677 2163 899 2216 virtutis
935 2163 1120 2230 honos,
1157 2163 1392 2216 servavit
1425 2162 1496 2215 ab
1531 2162 1677 2215 omni

288 2241 337 2295 N
343 2258 412 2293 on
448 2241 621 2293 solum
655 2240 799 2292 facto
836 2255 1025 2293 verum
1060 2238 1350 2307 opprobrio
1387 2255 1603 2307 quoque
1638 2238 1821 2306 turpi3

289 2317 405 2370 Nec
440 2316 629 2369 timuit
664 2315 764 2368 sibi
799 2331 870 2369 ne
906 2315 1039 2367 vitio
1075 2316 1198 2381 quis
1234 2318 1477 2367 verteret
1511 2314 1640 2366 olim
1943 2328 1991 2365 85

290 2393 346 2446 Si
383 2408 580 2460 praeco
615 2407 811 2459 parvas
847 2394 959 2457 aut,
995 2394 1058 2442 ut
1092 2390 1200 2441 fuit
1235 2389 1366 2456 ipse,
1405 2392 1625 2443 coactor

290 2468 577 2522 Mercedes
594 2483 873 2534 sequerer;
893 2481 1070 2531 neque
1085 2481 1185 2530 ego
1201 2481 1377 2517 essem
1397 2468 1642 2532 questus:
1668 2463 1840 2519 athoc
1853 2480 1985 2518 nune
2089 2524 2096 2531 ,

292 2545 436 2597 Laus
471 2544 550 2596 illi
587 2543 822 2595 debetur
857 2545 916 2594 et
949 2556 983 2592 a.
1016 2555 1107 2592 lue
1139 2540 1321 2605 gratia
1355 2539 1546 2607 major.

291 2620 383 2673 Nil
420 2636 509 2672 me
544 2619 821 2687 poeniteat
858 2632 1047 2669 sanum
1081 2615 1256 2682 patris
1281 2614 1456 2683 hujus,
1494 2632 1668 2684 eoquo

290 2696 428 2762 Non,
463 2699 528 2748 ut
562 2710 760 2761 magna
793 2693 916 2746 dolo
951 2691 1156 2743 factum
1192 2696 1358 2758 negat
1392 2708 1512 2745 esse
1548 2709 1646 2745 suo
1681 2708 1811 2761 pars
1940 2707 1983 2746 κ

292 2771 452 2837 Quod
485 2787 593 2824 non
629 2770 889 2836 ingenuos
924 2766 1129 2819 habeat
1164 2768 1448 2836 clarosque
1484 2775 1758 2837 parcntcS,

292 2848 381 2902 Sic
417 2864 504 2900 me
541 2845 845 2899 defendam.
918 2843 1103 2910 Longe
1140 2859 1263 2896 mea
1298 2843 1574 2913 discrepat
1607 2845 1730 2898 istis

293 2924 367 2977 Et
402 2940 506 2976 vox
542 2928 600 2975 et
634 2921 804 2974 ratio:
843 2936 968 2972 nam
1005 2919 1050 2970 si
1086 2923 1285 2973 natura
1312 2918 1542 2987 juberet

296 2999 349 3050 A
386 2999 551 3050 certis
585 2997 738 3048 annis
775 3011 966 3047 aevum
1003 3010 1250 3048 remeare
1286 3000 1569 3062 peractum

298 3076 483 3138 Atque
519 3071 651 3124 alios
688 3070 867 3135 legero
903 3069 974 3122 ad
1009 3070 1211 3123 fastum
1249 3087 1600 3139 quoscunque
1635 3072 1890 3138 parentes
1947 3081 1984 3120 9⁵

297 3147 530 3213 Optat-et
566 3143 669 3197 sibi
704 3144 946 3211 quisque,
981 3145 1120 3196 ineis
1156 3150 1444 3201 contentus
1479 3147 1736 3200 honestos

2143 1688 2189 1749 τι

2154 3272 2182 3345 ''⁹-
