2217 3559
260 110 350 160 128
806 107 1115 158 HORATII
1153 109 1195 157 F
1200 110 1291 157 LA
1299 109 1411 158 001

256 187 622 242 Adversarius
658 190 743 243 et:
782 190 813 217 “
831 190 950 253 Quo
985 193 1048 242 tu
1083 189 1402 258 turpissime
1422 187 1472 243 2⁹²
1511 204 1710 256 magna
1934 203 1994 246 τε

256 263 521 318 Inclamat
555 281 714 328 voce3
750 268 809 318 et
845 264 874 291 ‘⁴
891 264 1047 317 Licet
1082 264 1349 318 antestari
1370 263 1419 317 P’
1495 263 1612 330 Ego
1647 280 1778 316 vcro

254 338 482 408 Oppono
518 339 826 392 auriculam.
901 339 1069 408 Rapit
1103 339 1160 391 in
1189 339 1315 406 jus;
1350 339 1554 392 clamor
1589 340 1854 408 utrinque
1868 358 1891 405 3

252 415 513 484 Undique
548 432 854 469 concursus,
927 415 1015 468 Sic
1051 432 1141 468 me
1177 415 1414 468 servavit
1452 415 1669 483 Apollo.

1076 555 1128 609 X

252 639 302 692 N
309 632 459 692 mm'pn
496 639 848 708 incomposito
884 638 999 693 dixi
1034 639 1178 708 pede
1214 655 1435 692 currere
1470 655 1661 693 versus

251 714 438 768 Lucili.
512 715 644 778 Quis
680 722 796 769 tam
835 716 1008 769 Lucili
1043 715 1226 769 fautor
1262 716 1447 782 inepte
1483 718 1569 768 est

249 789 330 843 Ut
364 807 472 843 non
508 790 609 844 hoc
643 790 924 845 fateatur?
997 792 1078 845 At
1113 790 1263 843 idem
1301 790 1449 858 quod
1486 790 1600 843 sale
1635 791 1808 844 multo

248 865 459 918 Urbem
497 866 754 920 defricuit
790 866 981 919 charta
1016 866 1277 919 laudatur
1312 865 1521 918 eadem.

248 941 300 994 N
304 958 366 994 ec
382 945 563 994 tamen
578 941 681 994 hoc
695 939 945 996 tribuens
961 942 1063 995 ded
1074 943 1208 994 erim
1226 958 1442 1011 quoque
1458 945 1664 1006 cetera3
1687 958 1814 995 nam
1829 944 1911 994 sic
1941 958 1967 996 5

247 1017 321 1070 Et
358 1016 554 1070 Laberi
590 1018 784 1071 mimos
819 1023 884 1071 ut
918 1019 1148 1086 pulchra
1181 1021 1438 1085 poemata
1471 1018 1652 1071 mirer.

248 1093 390 1160 Ergo
425 1110 531 1146 non
568 1093 701 1145 satis
737 1097 822 1147 est
857 1093 973 1146 risu
1008 1093 1273 1146 diducere
1309 1094 1510 1147 rictum

247 1169 536 1222 Auditoris
574 1172 649 1234 (et
684 1173 770 1222 est
807 1169 1076 1238 quaedam
1113 1173 1299 1223 tamen
1333 1170 1422 1223 hic
1457 1186 1677 1238 quoque
1713 1170 1927 1233 virtus).

246 1244 347 1297 Est
381 1244 651 1298 brevitate
687 1262 836 1314 opm,
871 1250 939 1299 ut
970 1251 1156 1301 currat
1192 1246 1464 1299 sententia
1497 1263 1605 1298 neu
1642 1262 1704 1299 se

247 1319 523 1388 Impediat
558 1320 741 1374 verbis
776 1321 946 1375 lassas
982 1322 1337 1376 onerantibus
1372 1338 1562 1385 aures;
1914 1337 1966 1377 ιο

247 1395 319 1447 Et
351 1405 601 1449 sermone
637 1414 773 1465 opus
808 1402 895 1450 est
930 1399 1093 1451 modo
1129 1399 1278 1451 tristi
1314 1414 1476 1465 saepe
1502 1396 1711 1464 jocoso,

246 1469 592 1525 Defendente
627 1473 800 1525 vicem
837 1474 1000 1526 modo
1033 1474 1274 1527 rhetoris
1306 1476 1475 1541 atque
1510 1477 1723 1540 poetae,

246 1545 536 1598 Interdum
573 1547 783 1613 urbani,
820 1550 1094 1616 parcentis
1129 1548 1335 1601 viribus
1369 1552 1537 1615 atque

246 1621 606 1675 Extenuantis
641 1640 735 1676 eas
770 1623 1029 1677 consulto.
1105 1623 1417 1676 Ridiculum
1454 1623 1563 1675 acri

244 1695 461 1750 Fortius
495 1698 556 1750 et
589 1698 782 1751 melius
817 1714 1041 1765 magnas
1081 1699 1404 1766 plerumque
1442 1702 1590 1751 secat
1625 1716 1729 1753 res,
1907 1713 1955 1753 ιε

244 1772 334 1825 Illi
371 1773 574 1841 scripta
609 1773 806 1842 quibus
842 1773 1126 1825 comoedia
1164 1775 1354 1840 prisca·
1374 1774 1504 1825 viris
1540 1779 1627 1827 est

244 1847 367 1901 Hoc
402 1849 634 1914 stabant,
672 1848 771 1901 hoc
808 1851 935 1901 sunt
970 1847 1255 1912 imitandi;
1291 1865 1428 1916 quos
1463 1867 1641 1917 neque
1677 1850 1904 1918 pulcher

243 1923 617 1991 Hermogenes
652 1940 892 1992 unquam
927 1922 1064 1989 legit
1098 1939 1281 1990 neque
1317 1924 1506 1976 simius
1541 1926 1648 1978 iste

241 1998 290 2052 N
297 2001 334 2052 il
370 2005 591 2067 praeter
627 2000 852 2053 Calvum
887 2004 947 2052 et
982 1998 1177 2051 doctus
1213 2003 1433 2052 cantare
1472 2001 1763 2055 Catullum.

241 2070 367 2129 “At
401 2092 655 2143 magnum
692 2076 820 2129 fecit
859 2075 1005 2143 quod
1040 2074 1224 2128 verbis
1262 2075 1471 2128 Graeca
1507 2075 1717 2129 Latinis
1902 2093 1948 2132 ευ

240 2150 504 2204 Miscuit?
575 2151 622 2203 Ο
661 2151 767 2203 seri
806 2150 1138 2203 studiorum!
1178 2151 1343 2218 quine
1378 2152 1586 2218 putetis

238 2227 469 2280 Difficile
505 2230 565 2280 et
598 2227 799 2279 mirum
837 2225 1050 2279 Rhodio
1086 2226 1237 2294 quod
1276 2226 1608 2280 Pitholeonti

238 2302 517 2370 Contigit?
589 2302 620 2329 “
638 2304 717 2355 At
752 2318 931 2355 sermo
964 2302 1151 2369 lingua
1185 2302 1478 2355 concinnus
1512 2307 1748 2371 utraque

236 2378 475 2445 Suavior‚
512 2381 577 2431 ut
613 2377 749 2431 Chio
784 2382 914 2431 nota
948 2378 994 2431 si
1030 2378 1326 2431 commixta
1364 2378 1582 2431 Falerni
1619 2378 1752 2431 est.'’

236 2454 374 2507 Cum
410 2470 598 2507 versus
632 2454 813 2520 faciaS,
849 2458 908 2508 te
943 2454 1123 2522 ipsum
1159 2458 1463 2522 percontor,
1499 2471 1567 2506 an
1605 2457 1664 2507 et
1698 2469 1826 2507 cum
1894 2470 1938 2508 25

234 2530 389 2583 Dura
423 2529 526 2582 tibi
561 2529 877 2597 peragenda.
910 2530 990 2582 rei
1026 2530 1099 2582 sit
1134 2547 1295 2583 causa
1333 2530 1556 2584 Petilli?

233 2606 451 2659 Scilicet
485 2604 688 2658 oblitus
722 2605 1040 2674 patriaeque
1074 2607 1374 2674 patrisque,
1413 2605 1609 2659 Latine

233 2682 371 2735 Cum
411 2680 613 2733 Pedius
647 2697 836 2733 causas
871 2681 1106 2735 exsudet
1145 2682 1415 2749 Poplicola
1450 2686 1618 2750 atquo

231 2757 512 2823 Corvinus,
547 2757 739 2824 patriis
775 2756 1149 2809 intermiscere
1183 2757 1360 2824 petita

230 2832 417 2886 Verba
451 2832 582 2885 foris
617 2832 786 2891 maliS,
825 2831 1080 2884 Canusini
1117 2848 1267 2885 more
1301 2832 1595 2899 bilinguis?
1884 2849 1929 2888 m

230 2911 418 2978 Atque
454 2925 555 2976 ego
591 2924 715 2961 cum
752 2908 988 2961 Graecos
1022 2908 1256 2961 facerem
1290 2911 1452 2960 natus
1487 2924 1638 2960 maro
1674 2908 1818 2964 citra

227 2983 554 3048 VersicuIOS,
590 2983 767 3035 vetnit
801 2999 889 3035 me
923 2981 1021 3034 tali
1056 2998 1186 3035 voce
1224 2982 1497 3048 Quirinus,

227 3054 361 3110 Post
394 3056 634 3109 mediam
668 3061 884 3108 noctem
920 3056 1066 3107 visus
1101 3072 1224 3108 cum
1260 3056 1468 3107 somnia
1502 3073 1660 3114 vcra:

107 3188 129 3199 „
227 3127 339 3184 “In
375 3131 565 3183 silvam
602 3145 710 3181 non
745 3129 893 3196 ligna
925 3130 1072 3182 feras
1106 3130 1346 3183 insanius
1379 3146 1444 3184 ac
1473 3130 1526 3191 si
