2217 3559
726 92 1134 141 OARMINUM
1166 91 1272 140 ΠΙ.
1314 92 1387 140 16.
1847 91 1908 138 57

483 175 602 230 Nec
635 173 736 227 flos
768 190 1077 242 purpureus
1112 190 1269 226 rosae
1865 184 1911 228 ιο

553 250 673 302 Nec
707 250 823 317 poti
859 249 1096 302 vetulam
1134 247 1283 300 faece
1321 251 1480 300 tenus
1515 248 1648 302 cadi.

981 391 1141 444 XVI.

485 474 776 528 INGLUSAM
813 473 1041 526 Danaen
1075 473 1246 527 turris
1281 477 1450 525 acnea

487 547 876 617 Robustaeque
911 549 1055 601 fores
1091 552 1150 601 et
1185 547 1408 614 vigilum
1443 562 1638 600 canum

486 622 694 677 Tristes
729 624 990 676 excubiae
1025 624 1337 676 munierant
1372 622 1503 675 satis

557 698 854 751 Nocturnis
888 698 958 750 ab
993 698 1273 763 adulteriS,

489 773 547 827 Si
581 790 687 826 non
727 774 1001 826 Acrisium
1035 772 1260 839 virginis
1295 773 1519 826 abditae

490 848 787 902 Custodem
822 848 1079 916 pavidum
1116 848 1377 915 ,Iuppiter
1411 852 1470 901 et
1504 848 1693 902 Venus

491 923 777 990 Risissent‚
814 924 931 977 fore
967 924 1113 976 enim
1148 927 1330 977 tutum
1362 925 1471 977 iter
1505 927 1563 976 et
1594 926 1790 991 patens

561 999 831 1052 Converso
865 999 921 1051 in
956 1000 1196 1067 pretium
1233 999 1351 1051 deo.

492 1073 707 1126 Aurum
742 1091 842 1142 per
876 1074 1087 1127 medios
1121 1074 1203 1126 ire
1238 1073 1504 1130 satellites

493 1149 567 1202 Et
600 1166 955 1217 perrumpere
991 1151 1139 1202 amat
1175 1165 1304 1201 saxa
1337 1148 1618 1217 potentius
1870 1161 1914 1200 ιο

493 1222 619 1276 Ictu
655 1224 939 1277 fulmineo:
976 1224 1214 1277 concidit
1248 1224 1471 1291 auguris

565 1301 755 1366 Argivi
790 1300 984 1352 domus
1020 1299 1090 1353 ob
1126 1299 1333 1352 lucrum

495 1373 760 1427 Demersa
795 1375 993 1438 exiti03
1029 1374 1231 1427 diffidit
1265 1375 1481 1427 urbium

496 1449 690 1502 Portas
723 1450 808 1501 vir
843 1450 1075 1503 Macedo
1111 1454 1170 1503 et
1206 1450 1421 1503 subruit
1455 1450 1692 1503 aemulos

497 1523 675 1590 Reges
710 1524 1052 1590 muneribus;
1088 1541 1314 1577 munera
1348 1524 1565 1577 navium
1875 1538 1919 1578 ιε

565 1599 765 1653 Saevos
799 1600 1097 1668 illaqueant
1133 1600 1312 1654 duces

499 1674 846 1728 Crescentem
883 1676 1131 1744 sequitur
1165 1693 1297 1729 cura
1330 1676 1615 1745 pecuniam

497 1750 880 1819 Majorumque
920 1752 1105 1804 fames,
1176 1751 1215 1803 J
1216 1768 1315 1804 ure
1348 1751 1633 1819 perhorrui

497 1824 634 1878 Late
669 1826 1016 1894 conspicuum
1051 1826 1244 1879 tollere
1279 1826 1556 1892 verticem,

565 1901 863 1966 Maecena&
901 1901 1150 1969 equitum
1187 1902 1367 1954 decus,
1872 1915 1918 1953 2⁰

498 1974 713 2039 Quanto
749 1977 981 2044 quisque
1019 1976 1123 2029 sibi
1157 1976 1316 2044 plura
1347 1977 1644 2045 negaverit,

499 2050 588 2104 Ab
625 2052 709 2104 dis
743 2052 901 2120 plura
935 2052 1106 2105 feret:
1145 2053 1221 2104 nil
1256 2053 1593 2119 cupientium

498 2126 691 2180 Nudus
727 2132 906 2180 castra
940 2131 1069 2194 peto
1105 2131 1164 2179 et
1198 2127 1482 2195 transfuga
1516 2127 1748 2180 divitum

565 2202 759 2255 Partes
793 2203 1041 2269 linquere
1077 2202 1268 2269 gestio,

498 2276 856 2346 Contemptae
890 2277 1141 2330 dominus
1177 2276 1509 2344 splendidior
1543 2282 1642 2343 re‘1'3
1874 2293 1919 2330 ‘35

496 2351 670 2415 Quam
706 2354 752 2404 si
789 2352 1060 2421 quidquid
1094 2357 1216 2405 arat
1248 2353 1480 2419 impiger
1517 2352 1731 2420 Apulus

497 2424 787 2480 Occultare
821 2427 957 2480 meis
993 2426 1206 2480 dicerer
1241 2427 1465 2493 horreiS‚

563 2502 791 2569 Magnas
825 2502 972 2555 inter
1007 2518 1138 2570 opes
1174 2503 1344 2569 inops.

496 2576 675 2630 Purae
711 2579 860 2629 rivus
895 2593 1070 2645 aquae
1109 2578 1353 2645 silvaque
1381 2577 1642 2646 jugerum

498 2650 803 2705 Paucorum
841 2657 898 2705 et
933 2653 1138 2719 segetis
1173 2657 1326 2706 certa
1360 2652 1499 2705 fides
1533 2668 1687 2705 meae
1870 2667 1913 2705 3⁰

494 2724 818 2794 Fulgentem
852 2727 1082 2795 imperio
1118 2728 1313 2780 fertilis
1350 2727 1573 2781 Africae

560 2801 728 2864 Fallit
763 2806 912 2855 sorte
948 2801 1177 2855 beatior.

492 2875 832 2946 Quamquam
865 2893 967 2930 nec
1003 2877 1268 2930 Calabrae
1301 2878 1466 2931 mella
1498 2877 1683 2930 ferunt
1716 2892 1845 2944 apes

491 2950 611 3004 Nec
646 2952 1033 3019 Laestrygonia
1069 2953 1315 3005 Bacchus
1350 2953 1406 3004 in
1441 2951 1700 3020 amphora

492 3024 822 3092 Languescit
856 3026 990 3078 mihi
1024 3043 1126 3080 nec
1157 3028 1381 3094 pinguia
1416 3026 1637 3081 Gallicis
1867 3041 1915 3082 3³

563 3099 832 3155 Crescunt
864 3100 1068 3153 vellera
1102 3103 1328 3168 pascuis»,
