2217 3559
18 1737 69 1856 ἦνῆ
18 1641 35 1724 Γ

869 157 998 204 ARS
1032 153 1359 205 POETICA.
1856 154 1949 201 203

221 234 427 289 Primo
462 252 533 289 ne
568 234 825 300 medium,
865 233 1048 285 medio
1084 251 1156 287 ne
1195 234 1473 302 discrepet
1494 233 1679 288 imum.

224 309 322 363 'l'u
359 310 497 378 quid
534 327 637 376 ego
675 314 733 363 et
769 309 1002 378 populus
1037 325 1252 362 mecum
1293 309 1574 362 desideret
1607 308 1761 362 audi:

228 385 297 438 Si
338 386 608 453 plausoris
644 401 773 452 eges
812 384 1002 438 aulaea
1039 384 1312 437 manentis
1348 387 1408 437 et
1443 400 1617 451 usque

230 461 457 514 Sessuri
494 460 666 514 donec
703 464 893 513 cantor
929 459 1066 513 ‘Vos
1102 460 1373 527 plaudite'
1415 459 1579 524 dicat,
1887 475 1952 513 155

236 537 470 589 Aetatis
505 536 771 604 cujusque
806 535 1030 588 notandi
1068 538 1198 588 sunt
1232 534 1336 589 tibi
1371 551 1564 601 moreS,

235 611 652 680 Mobilibusque
689 612 851 664 decor
888 611 1099 665 naturis
1139 611 1354 663 dandus
1392 615 1451 665 et
1481 612 1650 667 annis,

239 688 506 742 Reddere
543 688 636 755 qui
674 703 832 740 voces
863 686 981 753 jam
1021 687 1125 739 scit
1162 703 1301 756 puer
1337 690 1395 740 et
1431 687 1574 755 pede
1611 691 1761 741 certo

240 763 440 831 Signat
475 764 716 829 humum,
754 763 924 831 gestit
962 762 1186 831 paribus
1221 762 1513 828 colludere,
1554 766 1613 815 ct
1648 764 1786 816 iram

241 839 470 907 Colligit
506 856 570 892 ae
605 839 760 907 ponit
797 842 1021 904 temere,
1059 842 1118 892 et
1155 841 1402 891 mutatur
1438 838 1493 890 in
1533 839 1706 891 horas
1888 854 1952 891 160

241 914 542 967 Imberbus
570 913 787 981 juvenis
824 914 1048 967 tandem
1086 914 1315 966 custode
1351 917 1563 967 remoto

241 991 470 1044 Gaudet
505 990 660 1057 equis
698 989 1030 1057 canibusque
1069 993 1130 1043 et
1165 989 1335 1058 aprici
1369 991 1617 1057 gramine
1655 992 1844 1058 campi,

242 1067 453 1119 Cereus
489 1066 545 1118 in
583 1066 771 1118 vitium
811 1065 972 1131 flecti,
1011 1065 1372 1119 monitoribus
1408 1082 1583 1134 asper,

242 1142 482 1195 Utilium
520 1142 712 1195 tardus
746 1142 1004 1210 provisor,
1040 1142 1303 1210 prodigus
1338 1142 1494 1210 aeriS,

243 1217 505 1271 Sublimis
541 1217 877 1285 cupidusque
914 1221 972 1271 et
1008 1221 1192 1270 amata
1226 1217 1538 1285 relinquere
1572 1221 1779 1287 pernix.
1884 1233 1951 1272 165

243 1293 536 1347 Conversis
575 1293 772 1346 studiis
807 1296 960 1346 aetas
995 1293 1318 1360 animusque
1354 1294 1525 1346 virilis

243 1368 478 1433 Quaerit
515 1385 645 1438 opes
679 1373 738 1421 et
773 1368 1055 1436 amicitiaS‚
1091 1368 1322 1422 inservit
1356 1369 1562 1437 honori,

243 1444 594 1499 Commisisse
631 1449 789 1498 cavet
824 1444 972 1512 quod
1008 1461 1136 1497 mox
1172 1448 1387 1499 mutare
1423 1445 1649 1501 laboret.

243 1520 425 1574 Multa
460 1537 643 1575 senem
679 1521 1108 1574 circumveniunt
1142 1521 1497 1589 incommoda,
1531 1523 1617 1575 vel
1654 1522 1797 1590 quod

244 1595 475 1660 Quaerit
511 1600 570 1650 et
603 1597 841 1650 inventis
876 1597 1043 1649 miser
1077 1596 1322 1650 abstinet
1353 1613 1417 1651 ae
1452 1598 1613 1651 timet
1647 1599 1745 1665 uti,
1883 1614 1949 1653 17⁰

243 1671 350 1725 Vel
387 1672 535 1741 quod
571 1689 661 1725 res
699 1689 884 1725 omnes
921 1671 1117 1725 timide
1154 1673 1444 1740 gelideque
1479 1674 1762 1740 ministrat,

243 1746 474 1814 Dilator,
511 1765 609 1816 spe
643 1748 849 1816 longus,
886 1748 1046 1812 inex-S,
1082 1748 1383 1816 avidusque
1420 1749 1607 1817 futuri,

244 1823 506 1889 Difficilis,
544 1823 817 1893 queruluS,
853 1823 1106 1877 laudator
1141 1824 1405 1891 temporis
1440 1825 1548 1877 aeti

242 1900 316 1954 Se
351 1917 536 1970 puer0,
573 1900 868 1968 castigator
902 1916 1202 1967 censorque
1237 1899 1520 1953 minorum.

242 1977 425 2031 Multa
457 1976 643 2030 ferunt
678 1977 804 2029 anni
839 1976 1123 2029 venientes
1159 1976 1440 2029 commoda
1473 1993 1668 2046 secum,
1827 2000 1836 2008 ·
1881 1990 1948 2030 175

241 2053 425 2106 Multa
460 2052 780 2106 recedentes
814 2052 1078 2105 adimunt.
1151 2051 1239 2105 Ne
1273 2052 1416 2106 forte
1454 2053 1652 2106 seniles

242 2128 580 2182 Mandentur
605 2127 800 2196 juveni
836 2131 1021 2196 partes
1055 2143 1337 2196 pueroque
1373 2129 1570 2195 virileS,

241 2205 473 2273 Semper
506 2205 565 2256 in
600 2203 876 2271 adjunctis
911 2220 1155 2271 aevoque
1190 2203 1525 2257 morabimur
1559 2204 1715 2272 aptis,

243 2281 362 2333 Aut
398 2280 582 2347 agitur
615 2296 704 2332 res
740 2280 797 2332 in
834 2280 1010 2333 scenis
1046 2283 1143 2333 aut
1178 2282 1302 2333 acta
1336 2280 1586 2333 refertur.

242 2355 474 2424 Segnius
508 2355 731 2408 irritant
765 2355 973 2407 animos
1010 2354 1248 2408 demissa
1283 2371 1383 2423 per
1418 2372 1620 2424 aurem,
1881 2371 1948 2410 18⁰

242 2431 422 2496 Quam
456 2448 596 2500 quae
632 2434 761 2483 sunt
797 2430 967 2483 oculis
1004 2430 1255 2498 subjecta
1289 2429 1558 2499 fidelibus,
1594 2434 1652 2484 et
1688 2449 1828 2500 quae

242 2508 374 2576 Ipse
411 2507 516 2562 sibi
552 2507 726 2561 tradit
762 2510 1064 2575 spectator:
1116 2523 1225 2559 non
1261 2511 1446 2560 tamen
1481 2507 1629 2560 intus

241 2583 425 2651 Digna
458 2583 579 2649 geri
613 2598 830 2652 promes
864 2583 921 2635 in
957 2598 1189 2648 scenam,
1227 2583 1508 2650 multaque
1543 2583 1703 2635 tolles

242 2659 326 2711 Ex
362 2659 531 2712 oculis
567 2675 707 2727 quae
744 2674 871 2710 mox
906 2661 1095 2711 narret
1130 2658 1386 2711 facundia
1420 2674 1690 2727 praesens

241 2735 329 2788 Ne
364 2750 563 2802 pueros
598 2750 779 2787 coram
814 2734 1015 2801 populo
1053 2733 1254 2787 Medea
1287 2734 1542 2801 trucidet,
1874 2751 1939 2791 185

242 2812 362 2863 Aut
395 2809 633 2863 humana
667 2810 847 2878 palam
883 2813 1082 2877 coquat
1120 2813 1247 2862 exta
1283 2809 1522 2862 nefarius
1560 2812 1787 2878 AtreuS,

247 2889 363 2940 Aut
397 2886 454 2939 in
490 2902 645 2939 avem
684 2887 891 2939 Procne
927 2889 1193 2953 vertatur,
1231 2885 1472 2940 Cadmus
1509 2886 1566 2938 in
1603 2903 1851 2955 anguem.

244 2961 617 3030 Quodcunque
653 2962 896 3015 ostendis
931 2961 1064 3014 mihi
1101 2962 1179 3015 sie
1212 2962 1527 3015 incredulus
1563 2963 1667 3018 odi.

242 3037 397 3090 Neve
432 3038 607 3091 minor
640 3055 750 3091 neu
784 3038 857 3091 sit
893 3038 1085 3105 quinto
1119 3038 1439 3107 productior
1474 3043 1601 3092 actu

243 3112 466 3176 Fabula,
503 3130 644 3181 quae
678 3113 828 3182 posci
862 3114 981 3166 vult
1013 3116 1071 3165 et
1107 3117 1352 3182 spectata
1387 3114 1614 3182 reponi;
1879 3129 1944 3170 190

243 3188 368 3309 Ne‘}
398 3188 534 3241 deus
570 3189 790 3242 intersit
824 3188 928 3240 nisi
964 3188 1165 3256 dignus
1198 3189 1412 3242 vindice
1447 3189 1620 3242 nodus

309 3264 330 3307 1
