2217 3559
775 419 1440 486 EPISTOLARUM

629 653 948 711 LIBER
1014 652 1603 712 SECUNDUS.

1086 892 1134 946 I.

265 972 397 1025 CUM
431 975 517 1027 tot
552 974 819 1027 sustineas
853 979 912 1027 ct
944 980 1101 1027 tanta
1135 975 1356 1041 negotia
1389 974 1553 1042 solua,

267 1046 379 1099 Res
416 1048 585 1102 Italas
620 1051 785 1101 armis
818 1050 1032 1114 tuteris,
1069 1049 1311 1102 moribus
1349 1065 1527 1115 ornes,

266 1121 505 1189 Legibus
539 1124 810 1191 emendeS‚
844 1125 900 1176 in
935 1124 1152 1192 publica
1186 1115 1468 1177 commoda
1502 1141 1723 1192 peccem

267 1196 325 1249 Si
359 1197 520 1265 longo
555 1215 802 1252 sermone
836 1215 1017 1252 morer
1051 1203 1150 1252 tua
1183 1203 1448 1267 tempora,
1486 1199 1699 1253 Caesar.

268 1271 530 1326 Romulus
566 1280 624 1327 et
660 1274 826 1327 Liber
857 1278 1016 1342 pater
1051 1278 1111 1327 et
1146 1290 1269 1326 cum
1306 1274 1533 1327 Castore
1573 1274 1776 1340 Pollux,
1926 1286 1953 1327 5

268 1347 401 1401 Post
433 1349 677 1416 ingentia
709 1350 854 1403 faeta
886 1349 1114 1402 deorum
1148 1350 1205 1401 in
1239 1349 1446 1416 templa
1478 1350 1702 1418 recepti,

267 1423 411 1478 Dum
448 1428 622 1477 terras
661 1425 1042 1492 hominumque
1076 1425 1260 1477 colunt
1293 1440 1478 1490 genus,
1513 1440 1708 1492 aspera
1737 1423 1872 1477 bella

267 1498 625 1567 Componunt,
662 1516 821 1567 agros
854 1500 1145 1566 assignant,
1180 1498 1381 1566 oppida
1414 1498 1670 1565 condunt,

268 1572 555 1627 Pici-avere
592 1575 703 1627 suis
737 1591 846 1627 non
879 1574 1208 1641 respondere
1243 1576 1482 1626 favorem

266 1648 555 1716 Speratum
592 1649 818 1703 meritis,
888 1649 1077 1701 Diram
1114 1649 1208 1716 qui
1243 1647 1493 1700 contudit
1525 1646 1756 1714 hydram
1883 1665 1954 1705 ἰο

266 1722 523 1792 Notaque
556 1724 708 1777 fatali
744 1727 999 1791 portenta
1033 1723 1219 1776 labore
1258 1722 1491 1789 subegit,

267 1798 546 1868 Comperit
580 1800 840 1852 invidiam
875 1815 1126 1867 supremo
1160 1798 1270 1850 fine
1306 1797 1529 1851 domari.

267 1874 396 1928 Urit
431 1876 573 1928 enim
609 1875 818 1943 fulgore
853 1890 950 1926 suo
986 1874 1078 1942 qui
1113 1876 1437 1940 praegravat
1471 1875 1620 1926 artes

268 1950 423 2003 Infra
456 1967 516 2005 se
548 1950 784 2018 positas3
818 1949 1119 2002 exstinctus
1154 1946 1620 2000 amabitur'idem.

269 2024 553 2079 Praesenti
589 2024 691 2079 tibi
727 2030 969 2077 maturos
1005 2024 1269 2090 largimur
1302 2022 1549 2087 honoreS,
1912 2033 1956 2075 15

267 2101 306 2153 J
310 2101 655 2169 urandasque
691 2104 846 2153 tuum
880 2116 980 2168 per
1014 2115 1211 2151 nomen
1244 2098 1496 2165 ponimus
1530 2112 1669 2164 aras,

269 2176 363 2229 Nil
398 2177 664 2229 oriturum
697 2175 844 2241 alias,
878 2175 957 2227 nil
993 2178 1173 2227 ortum
1209 2173 1319 2226 tale
1355 2173 1608 2225 fatentes,

270 2252 381 2305 Sed
414 2256 543 2305 tuus
578 2251 667 2303 hic
700 2248 943 2318 populuS‚
983 2250 1200 2316 sapiens
1235 2251 1294 2300 et
1322 2247 1508 2314 justus
1541 2247 1600 2298 in
1634 2262 1759 2314 unc,

269 2327 346 2380 Te
379 2326 583 2380 nostris
618 2324 860 2391 ducibus,
899 2329 956 2376 te
993 2324 1171 2376 Graiis
1205 2321 1574 2385 anteferendo,

270 2403 468 2456 Cetera
499 2416 843 2469 nequaquam
881 2399 1043 2452 simili
1075 2399 1290 2451 rationo
1324 2397 1594 2464 modoque
1915 2416 1958 2454 20

270 2478 559 2543 Aestimat,
597 2480 655 2529 et
690 2475 792 2528 nisi
828 2491 968 2543 quae
1002 2474 1167 2526 terris
1201 2479 1410 2525 semota
1446 2472 1665 2538 suisque

269 2552 623 2621 Temporibus
659 2550 915 2604 defuncta
950 2549 1115 2615 videt,
1148 2547 1365 2601 fastidit
1400 2549 1459 2600 et
1493 2546 1643 2610 odit3

269 2628 357 2681 Sic
390 2630 571 2681 fautor
604 2631 849 2680 veterum
885 2628 948 2677 ut
983 2623 1199 2677 tabulas
1235 2631 1468 2690 peccare
1496 2624 1751 2675 vetantes

269 2703 415 2765 Quas
449 2702 534 2755 bis
569 2702 808 2769 quinque
843 2700 945 2752 viri
981 2701 1292 2764 sanxerunt,
1326 2697 1551 2750 foedera
1586 2711 1782 2763 regum

272 2776 373 2832 Vel
410 2777 598 2832 Gabiis
634 2776 720 2828 vel
755 2792 877 2828 cum
911 2773 1103 2841 rigidis
1139 2775 1373 2840 aequata
1409 2770 1642 2839 Sabinis,
1922 2792 1965 2831 2⁵

269 2852 593 2907 Pontificum
627 2851 809 2916 libros,
845 2865 1045 2903 annosa
1078 2847 1351 2900 volumina
1386 2850 1589 2912 vatum,

268 2928 502 2981 Dictitet
539 2926 751 2979 Albano
787 2924 972 2976 Musas
1005 2923 1063 2974 in
1097 2927 1285 2974 monte
1321 2922 1544 2974 locutas,

267 3002 325 3055 Si
361 3002 491 3068 quia
524 3000 852 3052 Graecorum
888 3001 1016 3049 sunt
1049 2996 1426 3063 antiquissima
1461 3012 1714 3063 quaeque

266 3076 484 3143 Scripta
518 3073 603 3126 vel
638 3073 844 3138 optima
882 3071 1109 3121 Romani
1143 3074 1441 3136 pensantur
1474 3070 1669 3122 eadem

265 3150 573 3219 Scriptores
607 3147 827 3211 trutina,
865 3160 971 3197 non
1007 3147 1093 3197 est
1128 3143 1275 3213 quod
1310 3143 1488 3197 multa
1521 3143 1839 3212 loquamur:
1919 3162 1970 3203 ³0

2079 203 2177 720 ῄ-Αι

2114 1555 2177 1758 Anu-„¹
2169 1367 2177 1530 -,....
2171 1257 2176 1310 .--
2171 1185 2176 1226 --
2145 1055 2176 1087 ·.
2171 987 2176 1022 -
2173 789 2176 964 ἓψ-

2167 3221 2172 3229 α

2152 3235 2173 3374 ἰ
