2217 3559
747 54 802 101 H
807 53 1054 101 ORATII
1090 52 1354 101 FLACCI

475 134 599 188 Non
633 133 810 199 hydra
847 138 995 185 secto
1031 147 1261 198 corpore
1300 130 1509 183 firmior

475 208 634 262 Vinci
672 208 951 261 dolentem
987 206 1159 260 crevit
1194 206 1251 258 in
1288 206 1605 275 Herculem,

541 283 924 338 Monstrumve
961 282 1264 335 submisere
1302 280 1488 335 Colchi

613 358 794 411 Maius
832 358 1194 411 Echioniaeve
1232 356 1469 410 Thebae.

476 434 690 488 Merses
725 433 1011 502 profunde,
1045 432 1324 500 pulchrior
1361 433 1572 488 evenit:

478 511 729 575 Luctere‚
766 509 939 562 multa
972 513 1200 576 proruet
1233 508 1513 574 integrum

545 585 683 639 Cum
717 583 881 637 laude
915 584 1179 636 victorem
1216 588 1489 651 geretque

615 659 830 712 Proelia
864 658 1189 726 conjugibus
1224 658 1512 727 loquenda.

478 735 806 802 Karthagini
833 734 953 802 jam
988 750 1097 786 non
1135 750 1234 801 ego
1270 733 1494 786 nuntios

477 811 701 864 Mittam
737 810 1025 879 superbos:
1062 809 1278 877 occidit,
1314 809 1517 862 occidit

547 886 686 954 Spes
721 886 895 938 omnis
930 889 990 939 et
1024 885 1245 938 fortuna
1278 885 1453 938 nostri

614 961 863 1013 Nominis
902 959 1253 1013 Hasdrubale
1288 959 1641 1026 interempto,

477 1035 571 1089 Nil
609 1035 869 1089 Claudiae
905 1051 1013 1088 non
1048 1036 1335 1104 perficient
1370 1052 1577 1102 mamm,

476 1112 625 1176 Quas
661 1115 718 1165 et
752 1110 989 1178 benigno
1023 1110 1248 1162 numine
1284 1110 1321 1162 J
1324 1108 1545 1177 uppiter

546 1185 810 1240 Defendit
846 1190 904 1238 et
940 1201 1103 1238 curae
1143 1201 1363 1251 sagaces

613 1261 931 1328 Expediunt
966 1276 1064 1328 per
1099 1270 1261 1313 acuta
1295 1259 1441 1314 belli.

1012 1404 1081 1458 V.

476 1486 639 1541 DIVIs
676 1490 794 1540 orte
828 1485 1000 1545 bonis,
1039 1486 1243 1553 optime
1280 1485 1547 1539 Romulae

474 1562 673 1615 Custos
707 1562 903 1630 gentiS,
941 1562 1073 1614 abes
1100 1561 1219 1629 jam
1256 1561 1482 1612 nimium
1521 1560 1649 1627 diu3

474 1637 757 1690 Maturum
793 1638 1032 1689 reditum
1069 1637 1342 1705 pollicitus
1376 1647 1597 1704 patrum

545 1713 740 1766 Sancto
776 1712 999 1765 concilio
1035 1712 1169 1764 redi.

474 1786 677 1840 Lucem
714 1787 886 1840 redde
921 1791 1065 1854 tuae,
1103 1787 1216 1840 dux
1250 1786 1408 1854 bone,
1442 1786 1655 1855 patriae

476 1863 660 1916 Instar
694 1863 837 1916 veris
874 1863 1018 1916 enim
1054 1863 1237 1916 vultus
1272 1862 1369 1915 ubi
1404 1867 1534 1915 tuus
1590 1924 1595 1929 ‚

472 1936 700 1989 Affulsit
734 1938 948 2006 popu10‚
984 1939 1194 2005 gratior
1227 1938 1272 1993 it
1308 1938 1430 1991 dies

542 2011 616 2064 Et
652 2013 790 2065 soles
827 2014 1018 2066 melius
1053 2015 1247 2067 nitent.

471 2085 552 2139 Ut
587 2091 761 2140 mater
787 2086 1063 2155 juvenem,
1101 2105 1264 2156 quem
1303 2089 1483 2142 Notus
1518 2089 1704 2141 invido

473 2160 633 2214 Flatu
671 2162 948 2230 Carpathii
983 2167 1137 2216 trans
1173 2165 1338 2216 maris
1374 2181 1610 2232 aequora

470 2237 830 2291 Cunctantem
867 2240 1042 2306 spatio
1078 2239 1293 2306 longius
1328 2257 1506 2291 annuo

538 2313 697 2367 Dulci
733 2315 959 2368 distinet
994 2331 1027 2367 a
1063 2316 1239 2382 domo,

469 2387 630 2442 Votis
665 2390 1041 2459 ominibusque
1077 2395 1136 2444 et
1170 2390 1422 2458 precibus
1456 2397 1629 2457 vocat,

469 2463 649 2517 Curvo
685 2481 783 2518 nec
816 2465 1008 2518 faciem
1045 2467 1231 2519 littore
1267 2466 1551 2520 demovet:

468 2538 558 2592 Sic
594 2539 880 2593 desideriis
913 2541 1025 2594 icta
1059 2541 1315 2593 fidelibus

537 2615 763 2679 Quaerit
797 2617 976 2684 patria
1012 2617 1315 2671 Caesarem.
1480 2640 1489 2667 ι

465 2689 638 2744 Tutus
673 2690 771 2744 bos
807 2693 1010 2745 etenim
1045 2709 1176 2745 rura
1209 2690 1570 2761 perambulat,

464 2765 518 2818 N
522 2767 659 2820 utrit
693 2783 821 2821 rura
857 2768 1022 2820 Ceres
1056 2768 1306 2837 almaque
1344 2769 1639 2836 Faustitas,

466 2840 728 2896 Pacatum
764 2842 993 2896 volitant
1028 2860 1129 2910 per
1166 2860 1315 2896 mare
1350 2843 1581 2910 navitae,

534 2918 752 2985 Culpari
787 2919 985 2971 metuit
1021 2919 1201 2985 Fides,

466 2989 644 3044 Nullis
679 2992 940 3059 polluitur
975 2995 1126 3045 casta
1160 2993 1353 3046 domus
1389 2993 1611 3060 stupri8‚

467 3064 590 3118 Mos
625 3069 682 3118 et
715 3066 805 3118 lex
840 3066 1164 3118 maculosum
1204 3067 1446 3120 edomuit
1480 3069 1649 3131 nefas,

1863 2178 1908 2221 10

1857 2558 1901 2598 15
2003 2596 2006 2605 ‚

1848 2946 1891 2983 2)

2136 3216 2169 3340 ''35‘’
