2217 3559
802 124 1215 173 CARMINUM
1250 124 1331 173 11.
1370 127 1448 175 18.
1920 127 1982 175 ΒΞ

1018 273 1242 329 XVIII.

547 355 680 411 Non
715 356 854 409 ebur
886 373 1066 424 neque
1101 373 1328 410 aureum

618 432 749 484 Mea
782 432 1000 485 renidet
1033 432 1091 483 in
1129 432 1291 484 domo
1327 432 1584 499 lacunar;

547 507 600 558 N
604 523 674 559 on
710 506 896 559 trabes
934 507 1255 575 Hymettiae

621 582 887 635 Premunt
917 581 1198 634 columnas
1232 581 1428 635 ultima
1461 581 1662 637 recisas

548 658 775 721 Africa3
812 673 991 725 neque
1032 658 1213 711 Attali
1957 684 1982 716 ε,

619 735 847 800 Ignotus
889 733 1051 785 heres
1088 733 1296 800 regiam
1329 732 1624 800 occupavi;

544 809 665 863 Nec
701 808 994 862 Laconicas
1034 808 1170 861 mihi

614 884 861 937 Trahunt
897 884 1157 937 honestae
1193 900 1469 953 purpuras
1507 883 1774 940 elientae:

546 960 630 1014 At
666 959 806 1013 fides
843 963 903 1013 et
942 960 1130 1027 ingeni

616 1035 864 1103 Benigna
898 1052 1038 1087 vena
1071 1038 1176 1102 est,
1214 1051 1621 1104 pauperemque
1662 1035 1817 1088 divos
1931 1051 1975 1090 ιο

540 1110 643 1165 Me
676 1111 855 1180 petit3
892 1110 1029 1163 nihil
1063 1125 1233 1178 supra

613 1186 759 1239 Deos
796 1186 1018 1253 lacesso,
1057 1203 1162 1239 nec
1196 1187 1484 1254 potentem
1521 1185 1756 1239 amicum

543 1261 807 1330 Largiora
842 1260 1043 1329 flagito,

615 1337 760 1391 Satis
798 1337 994 1390 beatus
1033 1336 1207 1390 unicis
1244 1336 1478 1393 Sabinis.

534 1412 804 1466 Truditur
840 1413 965 1465 dies
1004 1413 1111 1480 die,
1926 1431 1972 1470 15

610 1489 662 1541 N
665 1505 910 1557 ovaeque
948 1492 1188 1556 pergunt
1223 1488 1454 1542 interire
1494 1489 1671 1545 lunae.

539 1563 627 1618 Tu
664 1564 901 1617 secanda
936 1580 1208 1617 marmora

611 1639 781 1692 Looes
818 1638 926 1692 sub
962 1639 1143 1707 ipsum
1181 1640 1360 1706 funus,
1398 1642 1461 1691 et
1498 1640 1729 1706 sepulcri

541 1715 844 1769 Immemor
878 1716 1047 1769 struis
1082 1715 1276 1768 domos

588 1791 886 1859 ,Marisque
925 1791 1074 1843 Baiis
1112 1789 1483 1858 obstrepentis
1521 1807 1685 1858 urges
1917 1808 1968 1846 20

532 1865 888 1921 summovere
928 1866 1132 1933 littora,

607 1942 811 1995 Parum
847 1942 1088 2010 locuples
1128 1940 1443 1995 continente
1483 1940 1619 2008 ripa.

533 2018 698 2085 Quid,
732 2017 888 2086 quod
927 2034 1101 2086 usque
1140 2017 1416 2086 proximos

606 2093 844 2146 Revellis
880 2093 1002 2161 agri
1041 2094 1304 2147 terminos
1339 2096 1397 2145 et
1434 2092 1583 2145 ultra

538 2168 771 2222 Limites
804 2168 1090 2222 clientium
1918 2185 1968 2225 25

605 2244 743 2297 Salis
779 2246 1015 2298 avarus?
1089 2244 1322 2298 Pellitur
1361 2246 1620 2312 paternos

534 2320 605 2374 In
647 2320 769 2372 sinu
806 2319 987 2373 ferens
1021 2320 1160 2372 deos

603 2395 676 2448 Et
711 2412 851 2448 uxor
882 2400 945 2449 et
982 2396 1065 2448 vir
1100 2394 1464 2464 sordidosque
1502 2396 1696 2460 natos;

530 2470 584 2524 N
591 2457 699 2523 ulla
734 2471 936 2524 certior
972 2475 1159 2524 tamen

603 2546 834 2613 Rapacis
872 2545 1000 2599 Orci
1042 2547 1152 2598 fine
1187 2545 1470 2600 destinata
1917 2561 1964 2600 30

532 2621 681 2676 Aula
720 2621 951 2677 divitem
989 2624 1181 2676 manet

599 2696 828 2751 Herum.
895 2696 1045 2760 Quid
1080 2697 1229 2750 ultra.
1264 2696 1490 2751 tendis?
1564 2697 1763 2765 Aequa
1798 2696 1962 2751 tellus

529 2771 767 2841 Pauperi
805 2772 1109 2827 recluditur

601 2847 924 2919 Regumque
965 2847 1164 2916 pueris,
1209 2864 1308 2900 nce
1349 2847 1575 2900 satelles
1617 2847 1746 2900 Orci

527 2922 806 2977 Callidum
849 2923 1177 2978 Promethea
1915 2937 1960 2977 as

602 2997 838 3051 Revexit
874 3015 1006 3052 auro
1039 3002 1251 3065 eaptus.
1322 2997 1432 3052 Hic
1466 2996 1768 3065 superbum

529 3073 819 3128 Tantalum
862 3078 1029 3142 atque
1070 3073 1284 3128 Tantali

480 3147 493 3162 ’
597 3147 788 3204 Genus
827 3153 1077 3211 coerce&
1113 3149 1203 3205 hic
1242 3148 1424 3204 levare
1460 3149 1712 3203 functum
