2217 3559
292 95 383 148 183
843 94 1153 145 HORATII
1189 98 1449 148 FLAOOI

288 173 560 227 Orbilium
597 170 843 239 dictare3
890 176 989 229 sed
1027 179 1321 233 emendata
1355 179 1534 231 videri
2119 0 2160 241 l

290 248 632 317 Pulchraque
668 253 727 301 et
759 252 967 304 exactis
1003 253 1290 305 minimum
1326 252 1596 307 distantia
1628 255 1818 321 mircr3

287 324 446 378 Inter
481 340 622 391 quae
656 325 884 379 verbum
922 328 1147 381 emicuit
1183 328 1228 381 si
1264 329 1408 381 forte
1445 327 1720 397 decorum,
1757 334 1809 383 et

285 400 343 452 Si
375 416 563 453 versus
599 401 760 467 paulo
797 402 1106 456 concinnior
1142 420 1283 457 unus
1320 406 1380 457 et
1414 403 1570 472 alter,

285 475 373 543 Inj
381 479 501 529 uste
535 479 714 528 totum
750 476 905 531 ducit
940 478 1238 547 venditque
1273 484 1484 547 poema.
1925 493 1967 532 75

285 551 549 618 Indignor
583 551 885 619 quidquam
921 554 1265 622 reprehendi,
1300 571 1409 607 non
1443 555 1577 623 quia
1612 572 1784 609 erasse

283 626 655 695 Compositum
691 627 980 695 illepideve
1015 633 1260 696 putetur,
1297 629 1398 682 sed
1432 629 1565 698 quia
1600 646 1800 698 nuper;

282 702 334 753 N
337 719 399 756 ec
435 703 647 756 veniam
683 704 924 772 antiquis
960 704 1060 757 sed
1093 705 1352 758 honorem
1389 709 1448 758 et
1482 707 1725 773 praemia
1755 707 1903 775 posci.

283 777 457 832 Recte
491 796 664 832 necne
701 795 917 832 crocum
952 779 1223 849 floresque
1258 780 1610 847 perambulet
1648 783 1810 835 Attae

281 853 492 906 Fabula
527 854 572 906 si
609 853 874 921 dubitem,
911 855 1149 909 clament
1183 856 1413 924 periisse
1448 856 1717 924 pudorem
1916 873 1957 910 80

281 929 476 984 Cuncti
509 947 684 999 paene
719 939 919 998 patreS,
958 948 1022 984 ea
1056 948 1180 985 cum
1216 931 1626 999 reprehendere
1661 948 1815 986 coner

281 1004 433 1069 Quae
467 1005 650 1074 gravis
688 1006 954 1074 Aesopus,
992 1023 1135 1075 quae
1171 1006 1365 1060 doctus
1404 1006 1635 1060 Roscius
1670 1007 1809 1076 egit:

281 1081 386 1135 Vel
424 1082 553 1150 quia
585 1081 663 1134 nil
700 1085 909 1134 rectum
946 1082 1051 1134 nisi
1089 1083 1238 1151 quod
1274 1082 1482 1150 placuit
1519 1083 1623 1135 sibi
1661 1082 1873 1150 ducunt,

279 1156 385 1210 Vel
421 1157 550 1226 quia
583 1162 748 1223 turpe
782 1159 981 1223 putant
1014 1174 1212 1226 parere
1247 1157 1563 1223 minoribus,
1602 1161 1660 1211 et
1696 1175 1830 1226 quae

280 1232 566 1286 Imberbes
597 1232 841 1285 didicere
878 1249 1036 1286 senes
1070 1233 1358 1301 perdenda
1390 1233 1573 1286 fateri.
1757 1253 1760 1256 ’
1916 1247 1958 1286 85

278 1307 316 1359 J
319 1325 407 1361 am
444 1308 649 1362 Saliare
686 1307 898 1361 Numae
934 1325 1152 1362 carmen
1189 1309 1283 1377 qui
1318 1307 1525 1374 laudat,
1562 1311 1623 1361 et
1658 1308 1792 1361 illud

280 1384 438 1448 Quod
473 1399 686 1436 mecum
721 1384 937 1449 ignorat
974 1384 1120 1437 solus
1156 1384 1276 1437 vult
1312 1384 1451 1436 scire
1485 1382 1677 1449 videri,

279 1459 520 1527 Ingeniis
554 1475 662 1511 non
698 1458 789 1510 ille
824 1458 972 1512 favet
1007 1459 1330 1526 plauditque
1367 1457 1613 1525 sepultis,

278 1534 480 1587 Nostra
516 1534 615 1587 sed
649 1534 946 1600 impugnat,
984 1551 1082 1586 nos
1117 1540 1413 1601 nostraque
1448 1534 1649 1586 lividus
1684 1534 1811 1588 odit.

278 1610 438 1673 Quod
472 1611 517 1663 si
552 1614 665 1663 tam
704 1610 927 1663 Graecis
962 1610 1176 1663 novitas
1210 1609 1382 1662 invisa
1417 1610 1614 1661 fuisset
1915 1625 1958 1664 90

277 1685 451 1748 Quam
483 1685 655 1751 nobis,
679 1684 816 1752 quid
846 1701 989 1737 nunc
1021 1689 1167 1738 esset
1200 1686 1391 1739 vetus?
1435 1687 1532 1737 aut
1567 1683 1704 1752 quid
1737 1684 1958 1737 haberet
2098 1695 2165 1751 ξ

277 1761 435 1823 Quod
469 1762 682 1828 legeret
716 1764 1032 1828 tereretque
1068 1760 1274 1813 viritim
1310 1759 1558 1829 publicus
1593 1761 1765 1813 usus?

275 1836 357 1890 Ut
390 1837 625 1905 primum
659 1835 852 1904 positis
887 1836 1080 1901 nugari
1118 1836 1349 1889 Graecia
1384 1834 1543 1887 bellis

276 1913 469 1981 Coepit
503 1916 563 1966 ct
592 1913 648 1964 in
684 1911 877 1963 vitium
912 1911 1131 1964 fortuna
1165 1911 1338 1964 labier
1372 1926 1560 1978 aequa,

275 1988 326 2041 N
331 2005 435 2041 unc
470 1988 798 2041 athletarum
835 1986 1049 2051 studiis,
1086 2003 1229 2039 nunc
1265 1986 1401 2039 arsit
1437 2002 1720 2053 equorum,
1913 2006 1956 2044 95

275 2063 562 2117 Mai-moris
598 2066 694 2115 aut
729 2061 909 2114 eboris
943 2061 1127 2114 fabros
1165 2066 1262 2114 aut
1296 2061 1437 2114 aeris
1472 2061 1691 2128 amavit,

273 2138 573 2208 Suspendit
607 2137 755 2205 picta
788 2137 1000 2190 vultum
1036 2140 1388 2205 mentemque
1423 2136 1643 2202 tabella,

272 2212 433 2268 ,Nunc
467 2213 796 2279 tibicinibus,
831 2228 974 2264 nunc
1008 2216 1093 2264 est
1128 2212 1315 2279 gavisa
1348 2210 1655 2279 tragoedis3

273 2290 386 2343 Sub
421 2290 632 2343 nutrice
666 2288 848 2356 puella
882 2287 1035 2340 velut
1071 2288 1115 2340 si
1151 2287 1370 2340 luderet
1404 2287 1599 2353 infanS,

272 2365 434 2429 Quod
469 2365 667 2433 cupide
703 2363 865 2432 petiit
900 2368 1115 2416 mature
1151 2363 1318 2431 plena
1352 2362 1592 2430 reliquit.
1898 2380 1956 2419 ιοο

273 2441 419 2505 Quid
453 2441 632 2512 placet
666 2443 762 2492 aut
797 2439 924 2491 odio
953 2443 1039 2491 est
1074 2438 1223 2506 quod
1253 2455 1361 2490 non
1395 2437 1661 2491 mutabile
1690 2438 1913 2491 credas!

272 2518 394 2571 Hoc
428 2533 589 2587 paces
623 2515 865 2569 habuere
900 2513 1075 2567 bonae
1112 2514 1373 2581 ventique
1408 2512 1649 2566 secundi.

271 2593 477 2646 Romae
513 2592 671 2645 dulce
707 2590 803 2643 diu
836 2590 943 2642 fuit
978 2593 1035 2642 et
1072 2589 1332 2642 sollemne
1368 2589 1579 2642 reclusa

270 2669 433 2722 Mane
469 2668 630 2720 domo
666 2666 902 2732 vigilare,
938 2664 1125 2717 clienti
1160 2681 1411 2730 promere
1438 2663 1583 2731 jura,

270 2744 471 2797 Cautos
506 2741 813 2798 nominibus
849 2741 1012 2793 rectis
1048 2739 1360 2807 expendere
1395 2755 1659 2805 nummos,
1853 2807 1858 2814 .
1896 2758 1951 2796 ωε

268 2819 511 2887 Majores
547 2817 752 2880 audire,
788 2816 982 2867 minori
1019 2815 1217 2878 dicere,
1254 2832 1354 2883 per
1390 2831 1531 2884 quae

269 2895 527 2948 Crescere
563 2908 651 2944 res
688 2895 889 2960 posset,
926 2890 1095 2942 minui
1134 2890 1395 2943 damnosa
1429 2890 1616 2943 libido.

268 2969 507 3022 Mutavit
541 2971 782 3019 mentem
816 2965 1047 3033 populus
1081 2965 1218 3018 levis
1254 2969 1312 3018 et
1346 2966 1490 3018 calet
1525 2981 1634 3017 uno
1717 2987 1722 2990 Α

268 3040 552 3095 Scribendi
588 3039 799 3101 studio:
845 3040 1002 3106 pueri
1040 3044 1333 3107 patresque
1371 3040 1544 3093 severi

267 3116 486 3172 Fronde
521 3128 701 3168 comas
734 3113 902 3168 vincti
937 3118 1169 3169 evenant
1203 3120 1263 3169 et
1296 3116 1536 3170 carmina
1572 3114 1802 3170 dictant.
1890 3134 1942 3174 uo
