2217 3559
815 128 1225 178 CARMINUM
1260 129 1356 178 IV.
1394 132 1440 176 8.
1467 142 1480 156 ‘
1915 120 1977 172 77

333 204 463 272 Quo
497 214 620 276 ptus
658 208 875 262 Aeneas
909 225 1019 277 quo
1053 207 1208 262 dives
1244 207 1429 261 Tullus
1466 210 1524 261 et
1561 209 1749 260 Ancus
1931 213 1977 258 15

411 282 596 336 Pulvis
632 287 689 338 et
723 282 919 336 umbra
955 300 1155 336 sumus

334 358 477 422 Quis
512 358 614 412 scit
648 375 718 411 an
753 357 1013 426 adjiciant
1049 358 1345 411 hodiernae
1382 357 1619 411 crastina
1654 372 1893 409 summae

409 433 676 502 Tempora
711 433 768 486 di
805 435 1021 501 superi?

334 507 553 562 Cuncta
588 525 781 561 manus
816 508 1004 562 avidas
1037 509 1253 577 fugient
1287 507 1506 562 heredis
1540 507 1711 560 amico

411 583 562 647 Quae
599 582 820 637 dederis
857 585 1050 638 animo,
1928 597 1973 634 20

336 658 480 713 Cum
515 660 684 713 semel
719 659 980 713 occideris
1016 663 1075 713 et
1111 661 1183 713 de
1217 662 1276 713 te
1311 657 1599 727 splendida
1635 657 1823 710 Minos·

410 735 630 789 Fecerit
664 735 908 803 arbitria,

337 810 480 878 Non,
517 811 806 880 Torquate,
843 828 1033 879 genuS,
1069 827 1179 864 non
1213 814 1272 863 te
1307 809 1576 875 facundia,
1612 824 1720 861 non
1759 811 1815 862 te

410 886 693 940 Restituet
727 887 934 955 pietas;

340 962 581 1015 Infernis
616 979 796 1030 neque
831 963 976 1015 enim
1011 961 1255 1014 tenebris
1292 960 1468 1013 Diana
1501 959 1760 1028 pudicum
1927 971 1974 1007 25

408 1037 633 1091 Liberat
672 1038 1049 1106 Hippolytum,

348 1113 459 1168 Nec
495 1112 736 1166 Lethaea
769 1113 915 1166 valet
951 1112 1193 1164 Theseus
1229 1111 1554 1178 abrumpere
1591 1125 1716 1162 caro

407 1186 639 1241 Vincula
677 1187 968 1241 PeirithoO.

1029 1330 1200 1382 VIII.

407 1411 694 1466 DONAREM
729 1415 950 1480 pateras
985 1416 1251 1480 grataque
1287 1412 1614 1478 conuuodus,
1689 1394 1700 1415 ²

406 1487 717 1555 Censorino,
752 1488 888 1540 meis
921 1503 1049 1540 aera
1085 1487 1374 1553 sodalihm,

408 1563 682 1616 Donarem
719 1562 978 1632 tripodaS,
1014 1563 1257 1631 praemia
1290 1561 1513 1615 fortium

407 1638 711 1705 Graiorum,
747 1655 925 1707 neque
962 1642 1026 1691 tu
1059 1638 1296 1706 pessima
1330 1654 1614 1690 munerum

413 1714 621 1782 FerreS,
659 1713 830 1767 divite
866 1730 954 1766 me
991 1713 1197 1767 scilicet
1231 1713 1432 1766 artium
1952 1725 1975 1764 5

408 1790 556 1853 Quas
591 1792 688 1842 aut
726 1789 1048 1842 Parrhasius
1082 1789 1313 1857 protulit
1347 1791 1444 1841 aut
1480 1788 1694 1855 Scopas,

409 1865 518 1918 Hic
554 1881 699 1931 saxo,
736 1863 961 1933 liquidis
994 1863 1087 1916 ille
1124 1864 1395 1917 coloribus
1689 1907 1697 1913 .

406 1941 607 1994 Sollers
643 1957 786 1993 nuno
822 1939 1096 1992 hominem
1134 1955 1352 2007 ponere,
1388 1956 1531 1991 nunc
1568 1939 1748 1991 doum.

406 2015 519 2070 Sed
552 2033 660 2069 non
694 2016 827 2069 haec
850 2015 983 2067 mihi
1017 2015 1116 2082 viS,
1150 2032 1257 2068 non
1293 2014 1398 2069 tibi
1433 2015 1625 2067 talium

407 2091 520 2145 Res
555 2096 640 2144 est
674 2095 773 2144 aut
806 2091 1019 2143 animus
1055 2089 1373 2143 deliciarum
1409 2107 1588 2158 egens
1933 2105 1972 2141 ιο

406 2167 628 2221 Gaudes
662 2166 1022 2230 carminibus3
1063 2166 1305 2219 carmina
1338 2181 1629 2239 possumus

408 2243 627 2296 Donare
662 2245 721 2295 et
754 2242 995 2310 pretium
1031 2239 1215 2294 dicere
1250 2242 1496 2296 muneri„

407 2318 458 2370 N
463 2334 534 2370 on
568 2317 741 2370 incisa
775 2316 921 2369 notis
955 2331 1229 2369 marmora
1263 2315 1508 2384 publici-⁶3,

407 2393 515 2446 Per
550 2409 692 2461 quae
728 2392 954 2460 spiritus
990 2396 1048 2445 et
1084 2391 1199 2444 vita
1234 2390 1381 2443 redit
1415 2389 1572 2443 bonis

407 2469 541 2522 Post
574 2471 808 2520 mortem
846 2467 1090 2534 ducibus,
1128 2482 1245 2525 non,
1271 2465 1475 2519 celeres
1507 2466 1670 2533 fugae
1934 2480 1975 2519 15

406 2542 781 2611 Rejectaeque
815 2547 1117 2596 retrorsum
1155 2541 1479 2594 Hannibalis
1515 2542 1708 2609 minae,

403 2619 456 2672 N
460 2635 531 2671 on
566 2617 818 2672 incendia
858 2617 1215 2684 Karthaginis
1252 2617 1469 2684 impiae,

404 2694 542 2761 Ejus
577 2693 672 2762 qui
710 2692 918 2745 domita
952 2709 1151 2745 nomen
1192 2692 1263 2745 ab
1303 2692 1493 2746 Africa

402 2770 676 2823 Lucratus
712 2768 881 2821 rediit
918 2768 1117 2821 clarius
1154 2767 1400 2822 indicant

407 2844 642 2910 Laudes,
681 2861 844 2912 quam
882 2843 1147 2896 Calabrae
1186 2842 1457 2897 Pierides:
1494 2860 1674 2912 neque
1928 2855 1975 2895 2⁰

402 2921 463 2975 Si
499 2920 723 2974 chartae
751 2920 946 2972 sileant
982 2918 1133 2987 quod
1167 2918 1309 2971 bene
1345 2919 1537 2971 feceris

403 2995 720 3050 Mercedem
756 2994 965 3047 tuleris.
1038 2993 1185 3058 Quid
1220 2993 1366 3046 foret
1404 2993 1539 3046 Iliac

403 3071 783 3139 Mavortisque
818 3085 955 3136 puer
991 3069 1037 3120 si
1073 3069 1423 3121 taciturnitas

406 3146 672 3203 Obstaret
706 3143 920 3198 meritis
955 3142 1141 3198 invida
1179 3142 1430 3199 Romuli?
