2217 3559
250 94 340 143 162
801 91 1108 141 HORATII
1145 93 1404 143 FLAOGI

1058 238 1139 293 ΙΙ.

247 327 495 383 'l'nosAm
530 328 660 382 belii
698 329 1035 398 scriptorem,
1070 329 1309 383 maxime
1349 330 1504 395 Lolli,

248 403 395 457 Dum
432 412 495 458 tu
531 404 803 458 declamas
840 405 1046 458 Rornae
1085 405 1382 458 Praeneste
1417 405 1629 473 relegi3

248 480 354 544 Qui
377 480 513 549 quid
536 480 609 532 sit
634 479 937 548 pulchrum,
958 481 1091 548 quid
1117 484 1295 549 turpe,
1321 481 1458 549 quid
1484 482 1636 549 utile,
1660 484 1783 551 quid
1822 501 1971 548 non,

248 555 471 609 Planius
505 572 570 609 ac
604 556 799 609 melius
835 556 1139 626 Chrysippo
1175 561 1235 610 et
1272 556 1541 612 Crantore
1577 559 1724 614 dicit.

247 631 360 685 Cur
393 631 473 685 ita
505 632 834 686 crediderim
869 632 973 686 nisi
1010 632 1146 701 quid
1180 636 1239 686 te
1274 632 1493 687 detinet
1528 635 1674 689 audi.
1957 654 1980 692 ο·

248 706 457 761 Fabula
491 725 601 776 qua
639 708 854 761 Paridis
886 713 1116 777 propter
1149 712 1405 762 narratur
1439 726 1682 764 amorem
1839 723 1844 728 ’

246 782 474 837 Graecia
509 778 992 838 Barbariae‘leuto
1026 784 1214 837 collisa
1249 784 1434 837 duello

246 859 549 913 Stultorum
585 877 775 927 regum
811 864 870 913 et
905 860 1227 929 populorum
1264 861 1512 915 continet
1547 867 1743 916 aestus

246 936 499 989 Antenor
533 940 721 990 censet
756 935 887 989 belli
922 936 1245 1005 praecidere
1279 952 1530 990 causam:

245 1011 393 1074 Quid
431 1012 587 1064 Paris
604 1015 625 1065 Ἰ
696 1011 778 1065 Ut
813 1011 992 1064 salvus
1026 1015 1226 1079 regnet
1260 1011 1522 1081 vivatque
1556 1012 1753 1066 beatus
1921 1031 1969 1068 ln

246 1087 379 1156 Cogi
414 1104 575 1157 posse
611 1090 791 1155 negat.
860 1086 1066 1141 Nestor
1100 1102 1427 1155 componere
1461 1088 1589 1142 lites

248 1164 273 1215 1
278 1167 406 1217 nter
445 1163 672 1217 Peliden
707 1162 937 1216 festinat
971 1166 1031 1216 et
1064 1163 1213 1215 inter
1249 1162 1518 1228 Atriden3

245 1238 300 1292 H
306 1256 411 1292 unc
445 1254 610 1305 amor,
648 1237 732 1291 ira
767 1238 988 1306 quidem
1028 1238 1391 1291 communiter
1423 1239 1539 1292 urit
1573 1242 1884 1309 utrumque.

242 1314 527 1383 Quidquid
562 1313 801 1367 delirant
834 1329 993 1381 reges
1025 1313 1342 1382 plectuntur
1378 1314 1591 1368 Achivi.

244 1390 542 1456 Seditione‚
581 1389 737 1455 dolis,
774 1389 981 1442 scelere
1016 1393 1185 1456 atque
1220 1387 1449 1442 libidine
1484 1392 1544 1442 et
1578 1389 1663 1443 ira
1915 1407 1961 1445 15

245 1465 439 1520 Iliacos
474 1467 621 1519 intra
655 1481 838 1517 muros
874 1468 1131 1532 peccatur
1167 1469 1226 1517 et
1262 1468 1433 1518 extra.

245 1540 457 1594 Rursus
491 1540 628 1609 quid
663 1541 837 1593 virtus
873 1544 931 1593 et
968 1539 1101 1608 quid
1140 1539 1411 1609 sapientia
1443 1541 1618 1609 possit

244 1617 398 1671 Utile
433 1616 717 1685 proposuit
751 1615 908 1668 nobis
944 1615 1227 1682 exemplar
1264 1615 1480 1681 Ulixen,

245 1692 351 1756 Qui
387 1692 625 1746 domitor
660 1690 855 1758 Trojae
890 1690 1186 1744 multorum
1223 1692 1485 1759 providus
1520 1692 1687 1746 urbes

244 1768 316 1822 Et
352 1785 533 1822 mores
568 1767 847 1821 hominum
883 1767 1141 1834 inspexit,
1178 1765 1462 1835 latumque
1497 1785 1599 1836 per
1632 1785 1853 1837 aequor,
1906 1784 1953 1822 so

243 1845 388 1898 Dum
425 1844 530 1897 sibi
566 1844 698 1897 dum
735 1843 893 1895 sociis
925 1843 1169 1895 reditum
1205 1847 1378 1910 parat,
1414 1860 1610 1911 aspera
1645 1845 1821 1897 multa

244 1920 482 1973 Pertulit
516 1919 762 1973 adversis
796 1935 980 1971 rerum
1015 1918 1397 1972 immersabilis
1430 1920 1608 1974 undis,

242 1995 495 2049 Sirenum
532 2011 690 2048 voces
725 1998 784 2048 et
821 1994 1011 2047 Circae
1047 1994 1240 2062 pocula
1274 1994 1454 2059 nosti;

242 2071 394 2135 Quae
430 2071 477 2124 si
512 2087 635 2123 cum
673 2070 827 2123 sociis
866 2069 1067 2122 stultus
1103 2069 1444 2138 cupidusque
1479 2070 1726 2137 bibisset,

241 2147 355 2200 Sub
392 2146 612 2200 domina
646 2145 933 2199 meretrice
969 2145 1165 2199 fuisset
1201 2146 1380 2213 turpis
1416 2150 1474 2199 et
1510 2163 1716 2215 excom,
1909 2165 1951 2200 22>

241 2222 488 2276 Vixisset
522 2222 671 2275 canis
705 2220 1021 2274 immundus
1056 2221 1144 2273 vel
1180 2221 1354 2273 amica
1388 2220 1506 2274 luto
1541 2238 1651 2275 sus.

241 2299 357 2352 Nos
392 2315 651 2352 numerus
688 2314 873 2350 sumus
909 2301 968 2350 et
1001 2297 1191 2364 fruges
1227 2312 1542 2350 consumere
1576 2297 1709 2367 nati,

240 2376 435 2443 Sponsi
473 2374 795 2442 Penelopae,
829 2372 1139 2439 nebuloneS‚
1179 2371 1500 2440 Alcinoique

241 2451 310 2504 In
345 2455 472 2504 cute
509 2450 750 2503 curanda
784 2448 906 2515 plus
940 2464 1116 2516 aequo
1151 2451 1379 2515 operata
1404 2450 1685 2516 juventuS,

240 2526 343 2580 Cui
377 2526 666 2595 pulchrum
702 2525 809 2578 fuit
843 2524 900 2576 in
936 2524 1146 2576 medios
1183 2523 1423 2577 dormire
1459 2524 1579 2577 dies
1613 2529 1670 2577 et
1744 2527 1750 2534 ’
1906 2542 1947 2580 32

242 2602 335 2656 Ad
370 2603 661 2670 strepitum
697 2601 940 2654 citharae
974 2603 1246 2652 cessatum
1282 2599 1484 2652 ducere
1520 2616 1719 2653 curam.

239 2678 321 2731 Ut
349 2676 609 2746 jugulent
642 2676 891 2729 homiues
927 2679 1157 2742 surgunt
1194 2674 1267 2728 de
1303 2682 1464 2728 nocte
1498 2675 1773 2732 latrones:

242 2753 321 2807 Ut
354 2758 414 2807 te
449 2754 629 2822 ipsum
666 2768 852 2805 serves
887 2767 994 2804 non
1031 2750 1467 2818 expergisceris?
1539 2752 1717 2820 Atqui

239 2828 298 2881 Si
334 2828 486 2883 noles
521 2844 684 2882 sanus
719 2843 905 2880 curres
940 2825 1299 2894 hydropicus3
1337 2830 1396 2879 et
1430 2825 1487 2879 ni

242 2905 439 2959 Posces
474 2908 601 2958 ante
637 2903 783 2957 diem
819 2902 1018 2955 librum
1055 2918 1179 2954 cum
1214 2901 1430 2967 lumine,
1467 2903 1513 2955 si
1547 2914 1653 2954 non
1902 2923 1940 2962 επ

241 2979 510 3034 Intendes
545 2981 787 3033 animum
823 2978 1020 3032 studiis
1057 2983 1116 3032 et
1151 2978 1318 3031 rebus
1353 2979 1614 3045 honestis,

240 3055 458 3110 Invidia
490 3056 578 3110 vel
613 3072 797 3110 amore
832 3054 962 3122 vigil
998 3054 1346 3123 torquebere.
1418 3055 1563 3109 Nam
1600 3074 1699 3112 cur

240 3131 392 3198 Quae
427 3132 653 3187 laedunt
686 3130 870 3185 oculos
902 3130 1129 3185 festinas
1165 3129 1403 3199 demere,
1439 3131 1486 3185 si
1521 3133 1654 3203 quid
