2217 3559
704 140 1114 191 CARMINUM
1151 143 1256 191 ΙΙΙ.
1295 144 1371 203 22,
1410 145 1487 202 23,
1526 145 1605 193 24.
1927 160 1979 206 61

950 294 957 300 ’
1053 297 1245 352 XXII.

572 380 631 434 M
635 396 848 434 oxa-mn
885 383 1067 433 custos
1101 397 1510 449 nemorumque,
1548 381 1734 450 VirgO,

574 457 725 519 Quae
760 456 1070 509 laborantes
1106 460 1265 509 utero
1299 457 1506 525 puellas

572 532 681 586 Ter
714 537 906 584 vocata
940 531 1098 584 audis
1134 531 1437 600 adimisque
1471 532 1597 601 lete,

641 606 785 659 Diva
819 607 1099 673 triformis„
1460 672 1464 676 ,

572 680 872 738 Imminens
908 683 1066 735 villae
1100 686 1199 735 tua
1230 683 1392 751 pinus
1426 687 1558 749 este,

573 759 749 821 Quam
781 775 885 826 per
920 762 1140 810 exactos
1176 775 1277 826 ego
1313 759 1490 812 laetus
1525 775 1693 813 annos

571 834 761 887 Verris
797 834 1075 901 obliquum
1112 834 1431 889 meditantis
1464 835 1634 888 ictum

632 909 902 976 Sanguine
937 909 1150 962 donem.

1035 1048 1275 1103 XXIII:
1359 1098 1376 1111 ,

574 1131 759 1185 CAELo
795 1133 1014 1200 supinas
1050 1132 1096 1184 si
1131 1133 1323 1185 tuleris
1358 1148 1549 1186 manus

572 1207 843 1261 Nascente
880 1208 1048 1275 Luna,
1084 1209 1289 1261 rustica
1327 1208 1567 1275 Phidyle,

639 1284 698 1337 Si
733 1285 897 1337 thure
931 1285 1162 1353 placaris
1198 1289 1257 1337 ot
1291 1284 1464 1336 horna

709 1359 888 1426 Fruge
926 1360 1095 1412 Lares
1133 1359 1400 1428 avidaque
1435 1375 1614 1427 porca,
1692 1373 1700 1379 ·

571 1434 687 1487 Nec
721 1435 1068 1502 pestilentem
1106 1435 1312 1487 sentiet
1349 1435 1597 1487 Africum

571 1511 828 1564 Fecunda
863 1509 991 1562 vitis
1025 1527 1127 1563 nec
1162 1510 1403 1563 sterilem
1440 1527 1595 1577 seges

639 1586 960 1654 Robiginem
997 1589 1093 1639 aut
1129 1586 1317 1639 dulces
1348 1585 1552 1638 alumni

707 1662 978 1714 Pomifero
1011 1678 1180 1729 grave
1218 1666 1434 1729 tompus
1468 1676 1623 1714 anno,

569 1737 710 1790 Nam
748 1754 888 1806 quae
924 1737 1089 1790 nivali
1127 1738 1369 1805 pascitur
1407 1737 1612 1804 Algido

570 1813 783 1866 Devota
817 1830 1049 1881 quercus
1083 1812 1231 1865 inter
1266 1817 1324 1865 ct
1356 1812 1505 1865 ilices
1952 1828 1995 1868 ιο

639 1892 759 1943 Aut
793 1889 992 1942 crescit
1030 1888 1263 1941 Albanis
1296 1888 1354 1939 in
1390 1888 1574 1941 herbis

705 1965 948 2017 Victima
980 1965 1301 2032 pontificum
1336 1981 1555 2017 secures

571 2040 796 2094 Cet-vice
831 2041 1040 2108 tinget:
1078 2044 1138 2094 te
1174 2040 1306 2092 nihil
1342 2041 1543 2093 attinet

570 2116 804 2169 Tentare
839 2117 1013 2169 multa
1048 2116 1216 2168 caede
1251 2115 1559 2168 bidentium

640 2192 843 2244 Parvos
877 2194 1225 2245 coronantem
1262 2191 1469 2242 marino

707 2267 852 2319 Rore
887 2268 1021 2319 deos
1053 2267 1344 2334 fragilique
1381 2270 1572 2334 myrto,

574 2341 838 2394 Immunis
871 2359 1022 2395 aram
1060 2341 1105 2394 si
1141 2342 1328 2407 tetigit
1362 2358 1570 2407 manus»,

573 2417 625 2470 N
629 2435 698 2470 on
734 2423 1052 2486 sumptuosa
1085 2418 1338 2471 blandior
1371 2417 1550 2470 hostia

641 2494 878 2546 mollivit
910 2510 1131 2546 aversos
1169 2494 1405 2546 Penates

707 2568 877 2622 Farre
911 2570 1001 2637 pio
1037 2573 1096 2622 et
1132 2569 1359 2621 saliente
1394 2569 1548 2622 mica.

1052 2709 1263 2762 XXIV.

574 2791 831 2847 ImAm'ls
866 2791 1177 2860 opulentior

637 2868 925 2921 Thesauris
963 2867 1213 2919 Arabum
1250 2869 1307 2918 et
1343 2865 1530 2919 divitis
1567 2864 1762 2919 Indiae

572 2944 883 2998 Caementis
918 2943 1046 2995 licet
1081 2959 1312 3010 occupes

639 3019 980 3086 Tyrrhenum
1015 3035 1175 3070 omne
1209 3019 1321 3071 tuis
1356 3026 1414 3071 et
1448 3035 1598 3071 mare
1637 3018 1945 3087 Apulicum,

569 3092 630 3149 Si
663 3095 788 3162 figit
821 3093 1201 3146 adamantinos
1970 3108 1998 3148 ⁵

639 3169 877 3224 Summis
912 3169 1209 3221 verticibus
1245 3169 1363 3221 dira
1404 3170 1714 3223 Necessitas
