2217 3559
788 370 1340 458 SATIRARUM

625 623 960 681 LIBER
1029 624 1473 687 PRIMUS

1037 849 1084 904 Ῑ.

210 926 321 992 Qm
355 928 434 993 fit,
472 928 775 998 Maecena5‚
810 935 876 985 ut
911 948 1069 984 nemo
1107 948 1272 999 quam
1308 931 1412 985 sibi
1450 936 1658 994 sortem

210 1003 319 1057 Seu
354 1006 493 1057 ratio
530 1005 747 1060 dederit
783 1023 881 1060 seu
915 1008 1028 1059 fors
1063 1006 1329 1074 objecerit
1363 1007 1457 1060 illa

210 1079 511 1134 Contentus
546 1082 708 1149 vivat,
744 1082 933 1135 laudet
969 1081 1188 1135 diversa
1223 1086 1554 1151 sequentes}

210 1155 242 1182 “
258 1154 303 1208 O
341 1156 602 1209 fortunati
639 1161 965 1211 mercatores
989 1158 1044 1221 Ψ,
1068 1158 1249 1225 gravis
1284 1158 1440 1211 annis

211 1229 370 1283 Miles
405 1232 483 1284 ait
519 1232 690 1285 multo
719 1231 837 1299 jam
873 1233 1078 1286 fractus
1114 1232 1360 1286 membra
1396 1232 1593 1287 labore.
1893 1251 1931 1292 ε

212 1305 412 1360 Contra
448 1311 727 1374 mercator,
763 1324 956 1361 navem
984 1308 1324 1375 jactantibus
1361 1309 1610 1362 Austris:

210 1381 453 1435 “Militia
489 1388 575 1436 est
610 1383 802 1452 potior.
875 1384 1021 1448 Quid
1057 1384 1218 1450 enim,
1255 1384 1623 1438 concurritur:
1659 1384 1826 1440 horae

211 1455 489 1511 Momento
524 1459 634 1511 cita
668 1475 814 1511 mors
848 1460 999 1512 venit
1034 1463 1131 1512 aut
1165 1459 1392 1512 victoria
1425 1458 1611 1513 laeta?

211 1532 521 1599 Agricolam
556 1533 745 1587 laudat
773 1533 919 1601 juris
954 1535 1246 1602 legumque
1280 1534 1504 1602 perituS,

211 1606 324 1660 Sub
359 1609 485 1675 galli
522 1615 740 1665 cantum
775 1609 1050 1663 consultor
1084 1609 1180 1662 ubi
1216 1610 1358 1663 ostia
1391 1611 1585 1677 pulsat.
1866 1628 1909 1667 ιο

213 1682 314 1735 Ille
349 1683 494 1737 datis
532 1685 760 1738 vadibus
797 1686 891 1753 qui
927 1702 1055 1739 rure
1092 1688 1370 1739 extractus
1406 1685 1463 1739 in
1499 1686 1697 1740 urbem
1733 1692 1821 1742 est

212 1758 363 1812 Solos
397 1759 581 1813 felices
617 1762 861 1815 viventes
896 1763 1095 1815 clamat
1129 1761 1187 1813 in
1222 1761 1370 1814 urbe.

211 1834 408 1888 Cetera
444 1835 515 1889 de
548 1853 753 1904 genere
789 1837 904 1905 hoc,
940 1837 1078 1890 adeo
1116 1841 1246 1890 sunt
1281 1837 1467 1905 multa,
1503 1837 1784 1906 loquacem

211 1909 498 1965 Delassare
536 1912 720 1966 valent
757 1912 1003 1966 Fabium.
1074 1912 1163 1965 Ne
1200 1917 1258 1965 te
1294 1929 1491 1980 morer,
1527 1913 1657 1965 audi

211 1984 328 2048 Quo
364 2003 480 2039 rem
517 1987 799 2041 deducam.
869 1988 926 2041 Si
962 1988 1085 2057 quis
1125 1988 1290 2054 DeuS,
1316 1988 1344 2013 “
1361 1988 1447 2040 En
1481 1988 1624 2054 ego,”
1653 1988 1814 2053 dicat,
1868 2005 1907 2042 15

211 2061 291 2113 “J
294 2079 381 2115 am
418 2064 611 2116 faciam
648 2064 795 2133 quod
833 2064 1022 2118 vultis:
1063 2064 1172 2116 eris
1207 2067 1284 2129 tu,
1322 2062 1416 2131 qui
1453 2063 1613 2115 modo
1649 2064 1820 2131 miles,

208 2137 511 2204 Mercator3
548 2145 625 2205 tu,
661 2140 938 2193 consultus
973 2140 1150 2206 modo,
1187 2139 1451 2192 rusticus:
1488 2138 1612 2192 hinc
1645 2155 1756 2203 vos,

210 2212 323 2266 Vos
360 2214 483 2267 hinc
520 2215 744 2268 mutatis
781 2215 1047 2268 discedite
1082 2214 1360 2282 partibus:
1398 2214 1526 2266 Eia!

210 2288 355 2353 Quid
391 2290 547 2343 statis
564 2290 612 2344 ·2''
652 2291 839 2345 nolint.
910 2291 1088 2358 Atqui
1125 2290 1255 2342 licet
1291 2306 1410 2343 csse
1445 2289 1638 2343 beatis,

210 2364 355 2429 Quid
391 2382 583 2419 causae
621 2370 707 2419 est
743 2366 937 2420 merito
974 2366 1106 2434 quin
1144 2365 1251 2417 illis
1289 2365 1551 2433 «Iuppiter
1584 2365 1774 2418 ambas
1866 2384 1910 2420 2>

212 2440 393 2493 Iratus
429 2440 627 2494 buccas
662 2441 832 2508 inflet,
868 2458 1047 2509 neque
1084 2457 1143 2493 se
1179 2441 1294 2493 fore
1329 2441 1557 2509 posthac

209 2516 341 2568 'sam
370 2516 582 2569 facilem
620 2517 768 2571 dicat
803 2518 942 2570 votis
977 2520 1042 2569 ut
1075 2517 1338 2584 praebeat
1370 2517 1592 2571 aurem?

210 2592 501 2646 Praeterea
534 2609 604 2646 ne
641 2593 732 2659 sic,
769 2597 832 2646 ut
868 2593 961 2660 qui
990 2592 1271 2659 jocularia,
1307 2590 1495 2644 ridens

211 2668 532 2722 l‘ercurram
571 2671 915 2737 (quamquam
952 2667 1224 2719 ridentem
1262 2666 1444 2719 dicere
1480 2683 1669 2720 verum

210 2745 355 2809 Quid
390 2746 580 2798 vetat?
616 2748 679 2797 ut
713 2744 897 2812 pueris
933 2743 1062 2795 olim
1097 2742 1234 2795 dant
1270 2742 1512 2796 crustula
1545 2741 1733 2795 blandi
1864 2757 1914 2796 ⁴25

210 2819 487 2888 l)octoreS‚
526 2819 796 2873 elementa
831 2818 1003 2875 velint
1037 2821 1101 2870 ut
1137 2817 1347 2882 discere
1385 2818 1607 2886 prima);

209 2895 320 2948 Sed
354 2900 540 2950 tamen
576 2899 756 2948 amoto
793 2909 1118 2964 quaeramus
1155 2893 1299 2945 seria
1333 2893 1477 2947 ludo,

211 2970 312 3024 Illo
346 2987 565 3038 gravem
603 2970 740 3022 duro
774 2973 980 3022 terram
1018 2969 1111 3036 qui
1148 2969 1317 3022 vertit
1350 2974 1547 3033 aratro,

210 3043 460 3097 Perfidus
495 3044 583 3097 hic
618 3060 804 3111 caupo,
839 3043 1009 3111 mileS,
1045 3047 1356 3111 nautaeque
1391 3060 1493 3110 per
1527 3061 1685 3096 omne

218 3118 463 3171 Audaces
499 3133 646 3168 mure
682 3113 777 3184 qui
813 3120 1053 3183 currunt,
1090 3117 1191 3169 hac
1226 3122 1409 3171 mente
1444 3118 1687 3172 laborem
1863 3130 1910 3170 ac

2156 3290 2199 3522 ξι
