2217 3559
776 102 1190 151 CARMINUM
1224 103 1300 151 II.
1345 105 1418 153 16.
1884 112 1940 156 37

443 183 566 238 Nec
600 184 886 237 fortuitmn
922 201 1185 252 spernere
1220 185 1517 252 caespitem

360 299 367 304 -
447 259 627 326 Leges
663 259 931 326 sinebant,
968 259 1172 328 oppida
1205 259 1424 327 publico

514 337 751 403 Sumptu
778 334 1044 402 jubentes
1079 338 1140 388 et
1173 335 1403 387 deorum

583 408 809 477 Templa
842 427 982 463 novo
1018 409 1279 463 decorare
1315 424 1463 465 saxo,
1904 424 1951 463 ευ

442 634 641 689 O'rnm
674 635 832 687 diros
867 639 1025 703 rogat
1060 634 1118 687 in
1153 638 1383 702 patente

451 710 694 764 Prensus
731 713 972 778 Aegan‚
1009 709 1170 762 simul
1204 714 1327 762 atra
1362 708 1537 762 nubes

445 786 713 841 Condidit
747 785 933 839 lunam
967 801 1150 855 neque
1186 789 1341 839 certa
1373 785 1588 853 fulgent

521 861 717 915 Sidera
752 861 970 926 nautis;

444 936 638 990 Otium
673 936 819 989 bello
852 936 1057 989 furiosa
1090 937 1318 1002 Thrace,

445 1012 639 1065 Otium
675 1011 832 1065 Medi
867 1011 1131 1079 pharetra
1166 1010 1365 1076 decori,

446 1088 713 1156 Grosphe‚
749 1105 857 1139 non
891 1088 1123 1154 genimis
1158 1103 1340 1155 neque
1375 1102 1620 1155 purpura
1655 1103 1744 1141 vo-

515 1164 640 1217 nale
676 1179 856 1231 neque
893 1178 1041 1216 auro.

445 1238 575 1292 Non
611 1240 756 1292 enim
790 1254 955 1305 gazae
990 1254 1172 1306 neque
1205 1237 1503 1290 consularis

448 1315 767 1368 Summovet
802 1313 963 1366 lictor
997 1314 1227 1366 miseros
1261 1313 1533 1368 tumultus

449 1390 658 1443 Mentis
693 1393 753 1443 et
788 1405 946 1442 curas
980 1388 1240 1458 laqueata
1273 1388 1478 1442 circum

518 1465 688 1518 Tecta
722 1464 985 1518 volantes.

445 1540 670 1593 Vivitur
704 1556 873 1608 parvo
907 1539 1051 1593 benc
1088 1539 1177 1593 cui
1211 1542 1504 1607 paternum

447 1616 718 1684 Splendet
753 1615 810 1668 in
847 1632 1036 1668 mensa
1068 1616 1224 1668 tenui
1258 1614 1505 1675 salinum,

450 1691 571 1744 Nec
605 1691 754 1744 leves
790 1706 1008 1744 somnos
1043 1691 1210 1744 timor
1244 1695 1341 1743 aut
1375 1692 1574 1759 cupido
1909 1707 1954 1748 1⁵

522 1766 791 1819 Sordidus
826 1766 1023 1820 aufert.

447 1840 598 1904 Quid
630 1841 789 1895 brevi
824 1841 997 1895 fortes
1023 1841 1334 1910 jaculamur
1370 1858 1506 1896 aevo

448 1916 665 1971 Multa?
736 1917 885 1981 Quid
918 1922 1096 1970 terras
1131 1917 1239 1970 alio
1276 1918 1519 1971 mlentes

445 1992 576 2046 Sole
610 1995 926 2046 mutamus?
1001 1993 1222 2046 Patriae
1260 1994 1383 2061 quis
1418 1994 1574 2047 exsul

518 2071 590 2121 Se
625 2084 846 2136 quoque
882 2067 1065 2135 fugit?
1902 2086 1953 2123 ευ

446 2144 680 2197 Scaudit
716 2146 934 2198 aeratas
970 2143 1166 2196 vitiosa
1199 2160 1368 2197 naves

445 2218 596 2273 Oura
629 2235 732 2272 nec
767 2223 978 2271 turmas
1013 2220 1262 2286 equitum
1297 2219 1574 2287 relinquit,

445 2293 613 2347 Ocior
648 2295 822 2347 cervis
859 2297 918 2347 ct
953 2297 1153 2360 agente
1187 2293 1402 2347 nimbos

518 2369 682 2421 Ocior
718 2370 880 2423 Euro,

447 2444 655 2498 Laetus
687 2445 746 2497 in
781 2461 1043 2511 praesens
1086 2445 1299 2498 animus
1333 2445 1484 2514 quod
1518 2445 1665 2499 ultra
1700 2454 1787 2501 cst

446 2520 648 2573 Oderit
680 2537 877 2573 curare
911 2523 972 2573 et
1007 2536 1195 2572 amara
1228 2521 1379 2574 lento

445 2596 744 2663 'Temperet
780 2596 928 2659 risu;
962 2595 1097 2648 nihil
1134 2599 1222 2648 est
1256 2596 1327 2649 ab
1362 2596 1509 2651 omni

516 2671 685 2725 Parte
719 2670 959 2724 beatum.

449 2747 704 2800 Abstulit
738 2747 946 2799 clarum
982 2746 1093 2799 cita
1128 2761 1275 2799 mors
1313 2746 1598 2816 Achillem,

444 2821 637 2891 Longa
672 2821 963 2876 Tithonum
997 2821 1198 2874 minuit
1233 2826 1498 2890 senectuS‚
1901 2841 1948 2880 30

445 2897 521 2951 Et
556 2897 692 2951 mihi
727 2898 911 2951 forsan
946 2896 1052 2950 tibi
1088 2896 1239 2964 quod
1272 2898 1487 2964 negarit

514 2973 768 3040 Porriget
803 2973 951 3025 hora.

441 3048 520 3102 'I'e
552 3065 750 3116 greges
787 3051 1007 3101 centum
1044 3046 1369 3115 Siculaeque
1404 3049 1607 3103 circum

440 3123 700 3192 Mugiunt
734 3139 946 3190 vaccae,
983 3121 1086 3176 tibi
1121 3121 1265 3174 tollit
1300 3123 1573 3176 hinnitum
