2217 3559
213 128 308 175 206
761 124 1064 172 HORATII
1102 125 1363 173 FLACCI

216 205 303 259 Ne
339 204 517 257 dicam
555 204 724 257 stulte
759 203 958 269 mirati,
995 204 1042 256 si
1077 206 1242 257 modo
1281 222 1384 273 ego
1422 210 1480 260 et
1512 221 1601 260 vos

217 281 427 335 Scimus
463 278 789 331 inurbanum
825 276 1010 347 lepido
1048 297 1311 347 seponere
1349 281 1500 334 dieto

219 356 659 424 Legitimumque
698 371 887 409 sonum
925 355 1114 422 digitis
1150 356 1409 409 callemus
1445 361 1503 410 et
1537 374 1671 411 aure.
1707 411 1716 416 ,

219 432 476 500 Ignotum
516 432 759 497 tragicae
794 442 967 498 genus
1003 432 1273 484 invenisse
1311 432 1579 486 Camenae
1876 446 1964 484 075

219 507 439 561 Dicitur
477 510 536 559 et
570 506 831 574 plaustris
867 507 1079 559 vexisse
1116 511 1370 575 poemata
1406 507 1644 575 Thespia

220 583 373 648 Quae
408 585 669 635 canerent
704 587 1043 649 agerentque
1079 583 1330 650 peruncti
1367 583 1607 636 faecibus
1642 600 1742 637 ora.

222 660 355 713 Post
389 659 534 711 hune
569 674 833 726 personae
870 659 1158 726 pallaeque
1193 662 1446 727 repertor
1482 659 1734 713 honestae

224 734 524 802 Aeschylus
561 740 619 786 et
655 733 881 786 modicis
915 735 1172 787 instravit
1206 734 1420 802 pulpita
1454 735 1622 802 tignis

223 811 297 865 Et
331 810 517 863 docuit
553 825 921 877 magnumque
955 809 1104 877 loqui
1141 810 1354 877 nitique
1390 810 1666 864 cothurno,
1866 824 1951 861 280

223 886 493 938 Successit
529 889 688 938 vetus
724 885 806 936 his
842 884 1135 951 comoedia,
1173 901 1280 937 non
1317 885 1433 938 sine
1469 886 1640 939 multa

224 961 442 1026 Laude3
490 959 591 1013 sed
626 961 682 1012 in
719 959 913 1013 vitium
949 959 1175 1013 libertas
1211 960 1417 1013 excidit
1453 964 1511 1014 et
1545 960 1652 1013 vim

224 1037 457 1105 Dignam
495 1037 616 1103 lege
652 1037 805 1104 regi3
844 1036 933 1088 lex
971 1039 1057 1089 est
1091 1039 1316 1103 accepta
1351 1036 1651 1105 chorusque

224 1113 478 1181 Turpiter
513 1112 746 1164 obticuit
782 1111 997 1165 sublato
1025 1110 1156 1179 jure
1192 1112 1434 1166 nocendi.

224 1188 318 1241 Nil
352 1188 689 1242 intentatum
725 1187 900 1239 nostri
938 1187 1147 1254 liquere
1182 1189 1394 1253 poetae,
1864 1201 1945 1240 285

225 1263 277 1316 Ν
281 1280 343 1316 ec
378 1264 661 1316 minimum
697 1279 950 1316 meruere
987 1262 1154 1314 decus
1190 1263 1422 1328 vestigia
1458 1262 1664 1316 Graeca

229 1340 367 1393 Ausi
404 1340 658 1392 deserere
695 1342 754 1391 et
789 1338 1069 1390 celebrare
1107 1336 1406 1390 domestica
1439 1339 1598 1401 saeta,

227 1414 332 1468 Vel
367 1416 460 1483 qui
497 1418 812 1483 praetextas
849 1413 934 1465 vel
972 1414 1066 1480 qui
1104 1413 1338 1465 docuere
1374 1416 1602 1480 togatas.

227 1491 279 1543 N
284 1508 347 1545 ec
382 1492 588 1543 virtute
623 1491 769 1543 foret
805 1490 1030 1542 clarisve
1065 1488 1342 1557 potentius
1377 1489 1544 1541 armis

229 1566 403 1630 Quam
439 1566 624 1634 lingua
663 1566 895 1633 Latium,
933 1565 978 1618 si
1015 1581 1122 1616 non
1160 1563 1464 1617 offenderet
1499 1580 1666 1617 unum
1861 1578 1937 1618 29⁰

231 1643 514 1709 Quemque
550 1645 838 1709 poetarum
872 1640 1034 1693 limae
1069 1639 1224 1692 labor
1261 1642 1319 1692 et
1353 1655 1520 1693 mora.
1592 1639 1723 1706 Vos,
1758 1656 1792 1692 o

230 1718 526 1786 Pompilius
564 1715 797 1785 sanguiS,
833 1732 1050 1769 carmen
1087 1714 1480 1782 reprehendite
1516 1714 1664 1784 quod
1698 1730 1805 1767 non

231 1794 411 1846 Multa
446 1793 565 1846 dies
601 1797 660 1846 et
695 1793 868 1846 multa
902 1792 1067 1846 litura
1103 1790 1343 1844 cocrcuit
1378 1794 1546 1858 atque

230 1869 541 1922 Perfectum
577 1868 758 1922 decies
791 1885 900 1921 non
934 1868 1221 1935 castigavit
1256 1866 1329 1919 ad
1363 1882 1613 1935 unguem.

233 1945 520 2012 Ingenium
556 1945 755 1997 misera
790 1945 918 2012 quia
951 1943 1282 1996 fortunatius
1317 1946 1440 1995 arte
1862 1958 1934 1997 ms

232 2020 426 2074 Credit
460 2023 520 2074 et
549 2020 791 2073 excludit
827 2036 985 2072 sanos
1024 2018 1289 2071 Helieone
1326 2021 1518 2084 poetas

231 2096 591 2165 Demoer·ituS‚
628 2096 770 2148 bona
801 2112 930 2164 pars
965 2111 1073 2147 non
1107 2110 1320 2161 ungues
1353 2110 1557 2161 ponere
1591 2097 1762 2161 curat,

232 2173 283 2225 N
287 2188 356 2225 on
392 2171 635 2238 barbam,
672 2176 884 2225 secreta
916 2172 1063 2239 petit
1097 2170 1230 2237 loca,
1267 2169 1466 2223 balnea
1501 2170 1653 2223 vitat.

232 2249 282 2301 N
287 2249 589 2301 aneiseetur
624 2248 768 2300 enim
803 2248 1041 2314 pretium
1076 2261 1385 2313 nomenque
1419 2249 1629 2313 poetae,

232 2324 290 2378 Si
323 2324 502 2377 tribus
541 2323 823 2391 Anticyris
858 2326 1021 2390 caput
1056 2320 1356 2374 insanabile
1391 2337 1665 2389 nunquam
1859 2336 1927 2375 eoo

233 2400 456 2453 Tonsori
494 2399 680 2452 Licino
717 2398 1062 2452 commiserit.
1136 2396 1183 2448 O
1223 2412 1324 2464 ego
1360 2396 1560 2463 laevus,

234 2476 339 2540 Qui
374 2492 576 2544 purgor
611 2475 777 2527 bilem
815 2473 915 2526 sub
952 2473 1104 2525 verni
1146 2472 1408 2539 temporis
1444 2471 1666 2526 horam!
1751 2507 1758 2515 ·

231 2552 283 2604 N
288 2568 356 2604 on
393 2552 530 2604 alius
564 2551 772 2603 faceret
808 2549 1035 2602 meliora
1070 2552 1338 2616 poemata.
1414 2548 1626 2600 Verum

234 2629 279 2680 N
287 2629 325 2680 il
360 2629 502 2680 tanti
538 2630 636 2680 est.
710 2626 858 2692 Ergo
892 2626 1089 2692 fungar
1124 2624 1245 2676 viee
1280 2624 1432 2688 cotis,
1470 2628 1692 2677 acutum

233 2703 494 2756 Reddere
529 2718 670 2771 quae
705 2702 912 2754 ferrum
947 2701 1095 2753 valet
1130 2715 1318 2752 exsors
1355 2700 1474 2766 ipsa
1509 2698 1763 2763 secandi;
1856 2714 1918 2754 ³05

232 2780 434 2832 Munus
464 2782 522 2831 et
553 2778 787 2830 officium
816 2777 895 2829 nil
927 2777 1170 2829 scribens
1199 2776 1317 2842 ipse
1346 2774 1569 2840 doceb0,

230 2855 396 2909 Unde
422 2858 690 2923 parentur
720 2870 865 2921 opoe,
899 2853 1034 2920 quid
1066 2852 1179 2904 alat
1209 2852 1518 2919 formetque
1551 2852 1804 2918 poetam3

233 2930 379 2993 Quid
408 2929 616 2998 deceat,
645 2929 781 2997 quid
813 2944 949 2991 non;
997 2944 1104 2995 quo
1144 2927 1332 2990 virtuS,
1364 2943 1472 2993 quo
1502 2926 1646 2978 ferat
1678 2941 1838 2980 error.

234 3005 519 3057 Scribendi
548 3007 701 3056 recte
734 3019 926 3070 sapere
957 3008 1044 3055 est
1075 3006 1136 3055 et
1170 3001 1499 3069 principium
1535 3006 1592 3055 et
1624 3001 1771 3056 fons:

236 3077 375 3130 Rem
405 3077 508 3129 tibi
545 3077 850 3129 Socraticae
887 3080 1151 3143 poterunt
1183 3076 1476 3129 ostendere
1508 3077 1749 3142 chartae,
1853 3092 1915 3132 310

235 3152 529 3219 Verbaque
563 3152 832 3218 provisam
871 3167 989 3203 rem
1024 3167 1133 3203 non
1168 3152 1340 3204 invit-a
1376 3158 1692 3220 sequentur.

2109 233 2207 282 κ
