2217 3559
251 92 343 140 120
788 89 1099 137 HORATII
1134 90 1394 139 FLAGCI

251 171 343 225 Ad
377 169 616 225 mediam
652 177 867 222 noctem
907 173 1194 237 exspecto:
1234 187 1454 224 somnus
1489 174 1677 225 tamen
1714 173 1912 226 aufert

250 246 531 299 Intentum
569 245 788 308 veneri3
824 248 943 298 tum
979 244 1263 298 immundo
1301 246 1510 299 somnia
1546 246 1668 300 visu

248 321 297 375 N
302 326 583 375 octurnam
618 324 827 373 vestem
865 321 1141 374 maculant
1175 325 1536 389 ventremque
1573 324 1848 389 supinum.
1928 338 1979 377 85

247 397 519 460 Quattuor
554 396 678 448 hinc
712 395 955 464 rapimur
989 395 1182 463 viginti
1220 400 1279 450 et
1314 396 1485 449 millia
1522 397 1726 466 rhediS‚

247 472 494 525 Mansuri
529 470 788 539 oppidulo
824 471 974 539 quod
1008 488 1174 524 versu
1210 471 1395 525 dicere
1430 489 1536 525 non
1574 478 1677 539 est,

246 548 424 615 Signis
459 547 716 615 perfacile
751 551 872 600 est:
912 547 1064 600 venit
1099 547 1363 600 vilissima
1399 565 1587 601 rerum

250 625 355 676 Hic
389 640 566 692 aqua3
602 622 700 675 sed
735 622 890 690 panis
924 621 1086 689 longe
1123 623 1541 690 pulcherrimus,
1577 624 1729 678 ultra

246 699 488 752 Callidus
521 702 586 751 ut
622 698 795 751 soleat
832 697 1073 750 humeris
1106 702 1330 765 portare
1364 699 1575 763 viator3
1924 715 1977 754 9⁰

246 775 388 828 Nam
427 774 626 828 Canusi
661 773 954 839 lapidosuS,
992 789 1168 840 aquae
1185 790 1312 826 ,non
1349 773 1519 827 ditior
1555 791 1695 827 urna

246 851 351 914 Qui
387 851 535 904 locus
570 867 603 902 a
637 849 766 903 forti
804 848 1070 902 Diomede
1107 852 1196 902 est
1230 848 1483 902 conditus
1519 850 1663 903 olim.

246 926 533 980 Flentibus
570 925 695 978 hinc
730 924 932 977 Varius
969 924 1205 978 discedit
1242 927 1481 978 maestus
1517 926 1723 978 amicis.

246 1003 385 1056 Inde
424 1002 611 1055 Rubos
646 1001 775 1055 fessi
809 1000 1173 1069 pervenimus»,
1210 1004 1403 1068 utpote
1438 1000 1658 1068 longum

245 1078 546 1147 Carpentes
581 1078 689 1130 iter
725 1080 784 1131 et
818 1076 1023 1129 factum
1059 1076 1371 1144 corruptius
1405 1076 1584 1129 imbri.
1913 1092 1970 1131 9⁵

253 1154 480 1207 Postera
515 1155 817 1220 tempestas
851 1151 1059 1217 melior,
1096 1151 1187 1204 via
1221 1151 1380 1219 pejor
1414 1151 1486 1204 ad
1523 1168 1698 1220 usque

244 1230 372 1283 Bari
409 1229 622 1282 moenia
657 1227 888 1295 piscosi;
923 1226 1052 1280 dein
1089 1227 1293 1281 Gnatia
1331 1227 1592 1295 Lymphis

246 1306 410 1358 Iratis
446 1309 727 1357 exstructa
763 1302 921 1356 dedit
955 1302 1207 1371 risusque
1234 1301 1512 1371 jocosque,

243 1380 386 1432 Dum
422 1380 639 1432 flamma
673 1379 789 1432 sine
823 1378 988 1431 thura
1022 1378 1324 1446 liquescere
1357 1378 1544 1430 limine
1590 1395 1745 1432 sacro

242 1456 579 1508 Persuadere
615 1456 779 1523 cupit.
851 1454 1057 1508 Credat
1092 1454 1131 1506 J
1135 1454 1348 1506 udaeus
1386 1454 1598 1522 Apella,
1884 1470 1955 1508 loz)

240 1532 362 1584 Non
400 1548 534 1599 ego:
583 1547 820 1599 namque
858 1530 992 1583 deos
1029 1529 1198 1583 didici
1235 1546 1485 1583 securum
1523 1546 1688 1596 agere
1722 1546 1934 1597 aevum,

238 1607 290 1659 N
295 1624 356 1660 ec
391 1607 437 1660 si
473 1607 604 1675 quid
643 1606 767 1659 miri
802 1606 970 1659 faciat
1005 1609 1203 1658 natura
1240 1605 1373 1658 deos
1406 1605 1466 1659 id

238 1682 446 1736 Tristes
482 1699 549 1735 ex
586 1683 697 1735 alto
733 1682 867 1735 caeli
905 1681 1199 1734 demittere
1234 1685 1396 1735 tect0.

238 1758 596 1811 Brundisium
632 1758 825 1825 longae
858 1755 983 1810 finis
1018 1757 1349 1825 chartaeque
1385 1757 1613 1825 viaeque
1650 1763 1751 1809 est.

1054 1901 1158 1954 VI.

235 1987 287 2040 N
292 2002 364 2039 ox
399 1987 540 2054 quia,
580 1986 883 2051 Maecenas,
922 1984 1199 2052 Lydorum
1235 1980 1506 2051 quidquid
1543 1981 1803 2034 Etruscos

236 2062 471 2116 Incoluit
506 2062 639 2114 fines
676 2078 836 2114 nemo
871 2060 1184 2128 generosior
1219 2062 1304 2111 est
1338 2063 1411 2124 te,

234 2139 285 2190 N
290 2154 352 2191 ec
388 2138 535 2206 quod
570 2154 703 2190 avus
740 2137 841 2190 tibi
879 2141 1160 2189 maternus
1195 2134 1302 2187 fuit
1338 2137 1506 2201 atque
1541 2135 1806 2201 paternus

234 2213 379 2267 Olim
416 2214 511 2282 qui
545 2213 758 2281 magnis
792 2211 1097 2280 legionibus
1133 2209 1525 2277 imperitarent,

233 2287 313 2343 Ut
346 2288 593 2358 plerique
629 2289 816 2351 solent,
852 2304 982 2341 naso
1017 2285 1303 2355 suspendis
1340 2284 1549 2336 adunco
1921 2302 1943 2340 5

235 2364 473 2432 Ignot08‚
509 2368 573 2418 ut
607 2381 695 2417 me
730 2363 986 2417 libertino
1020 2365 1181 2431 patre
1214 2364 1418 2413 natum.

234 2440 369 2493 Cum
406 2439 611 2493 referre
646 2455 815 2506 negas
851 2438 997 2507 quali
1035 2438 1108 2490 sit
1144 2436 1375 2504 quisque
1411 2435 1640 2501 parente

234 2516 414 2568 Natus
450 2515 582 2568 dum
616 2516 899 2583 ingenuus,
938 2513 1237 2582 persuades
1271 2512 1372 2563 hoc
1409 2509 1511 2562 tibi
1547 2524 1691 2572 vere,

236 2595 385 2646 Ante
420 2594 753 2660 potestatem
788 2589 929 2643 Tulli
966 2593 1133 2656 atque
1168 2586 1402 2654 ignobile
1437 2600 1665 2651 regnum

233 2665 437 2720 Multos
474 2682 639 2735 saepe
674 2667 819 2719 viros
854 2665 1017 2718 nullis
1052 2661 1353 2729 majoribus
1395 2663 1544 2712 ortos
1912 2680 1947 2718 ῃ

232 2741 304 2795 Et
343 2742 541 2794 vixisse
576 2741 777 2809 probos
811 2740 1005 2807 amplis
1042 2743 1101 2791 et
1136 2736 1430 2790 honoribus
1465 2740 1687 2797 auctos;

231 2817 433 2871 Contra
471 2816 783 2883 Laevinum,
825 2815 1010 2867 Valeri
1046 2829 1219 2880 genus
1254 2811 1400 2864 unde
1438 2808 1703 2877 superbus

232 2891 553 2961 Tarquinius
588 2909 755 2959 regno
791 2891 980 2959 pulsus
1015 2889 1171 2954 fugit,
1208 2888 1368 2939 unius
1403 2886 1539 2938 assis

231 2967 279 3018 N
286 2983 354 3017 on
389 2982 629 3033 unquam
663 2967 846 3032 pretio
881 2964 1051 3031 pluris
1087 2963 1319 3027 licuisse,
1357 2964 1584 3012 notante

230 3040 428 3093 «Iudice
464 3056 572 3106 quo
607 3039 752 3091 nosti
788 3037 1001 3106 popule,
1040 3037 1133 3102 qui
1171 3035 1371 3087 stultus
1406 3034 1639 3086 honores

229 3112 404 3182 Saepe
439 3112 536 3166 dat
571 3111 806 3181 indignis
841 3115 900 3165 ot
932 3111 1111 3163 famae
1147 3109 1315 3163 servit
1347 3109 1582 3180 ineptus,

2131 1650 2197 1763 ,Γ

2161 3226 2190 3293 3
