2217 3559
513 455 592 537 Q.
673 456 1175 524 HORATII
1250 448 1678 519 FLAGCI

790 601 1418 674 CARMINUM

880 761 1141 819 LIBER
1182 759 1306 816 ΙΙΙ,

1071 922 1117 976 Ι.

520 1013 632 1066 Οῡῐ
671 1010 956 1080 profanum
996 1008 1192 1075 vulgus
1229 1010 1289 1060 et
1326 1020 1519 1069 arceo;

521 1089 727 1143 Favete
763 1086 992 1153 linguis:
1031 1083 1270 1136 ffirmina
1304 1098 1414 1133 non
1450 1079 1603 1147 prius

590 1163 802 1216 Audita
838 1162 1122 1213 Musarum
1160 1156 1413 1211 sacerdos

658 1237 978 1306 Virginibus
1014 1235 1310 1304 puerisque
1347 1233 1521 1284 canto.

520 1315 733 1383 Regum
769 1311 1141 1366 timendorum
1177 1310 1235 1362 in
1275 1306 1522 1376 proprios
1558 1319 1770 1372 greges,

522 1390 705 1458 Reges
741 1389 798 1443 in
838 1389 984 1457 ipsos
1021 1386 1312 1454 imperium
1349 1384 1437 1435 est
1477 1379 1514 1432 J
1518 1380 1635 1432 ovis

590 1465 653 1520 Cl
675 1466 736 1518 ‚ri
775 1465 1044 1533 Giganteo
1082 1459 1377 1528 triumphO,

659 1542 868 1595 Cuncta
903 1537 1189 1606 supercilio
1229 1531 1510 1587 moventis-

521 1619 623 1673 Est
658 1621 722 1672 ut
758 1617 872 1670 viro
908 1615 993 1668 vir
1029 1613 1197 1667 latius
1235 1610 1455 1663 ordinet

523 1694 769 1748 Arbusta
805 1691 981 1757 sulcis,
1020 1689 1112 1742 hic
1147 1686 1464 1756 generosior

589 1768 903 1823 Descendat
941 1767 999 1819 in
1041 1765 1306 1831 Campum
1344 1761 1565 1829 petitor,

658 1843 904 1896 Moribus
945 1842 1033 1894 hic
1072 1840 1371 1907 me¹iorque
1409 1837 1554 1888 fama

520 1919 844 1986 contendat,
883 1918 962 1971 illi
1004 1915 1168 1970 turba
1206 1913 1486 1968 clientium

524 1996 609 2050 Sit
643 1994 848 2061 major:
887 2009 1060 2061 aequa
1097 1992 1220 2058 lege.
1261 1989 1575 2044 Necessitas

591 2070 829 2123 Sortitur
868 2070 1107 2135 insignes
1150 2071 1208 2119 et
1249 2065 1422 2128 imos;

660 2145 837 2197 Omne
873 2160 1047 2211 capax
1083 2144 1267 2195 movet
1307 2157 1447 2193 urna
1486 2157 1701 2197 nomen.

521 2221 817 2276 Districtus
855 2219 999 2272 ensis
1037 2218 1127 2271 cui
1162 2233 1328 2284 super
1363 2216 1531 2283 impia

523 2297 745 2352 Cervice
781 2294 988 2364 pendet
1027 2310 1137 2346 non
1188 2292 1399 2346 Siculae
1437 2292 1607 2360 dapes

591 2372 820 2425 Dulcem
858 2369 1218 2424 elaborabunt
1254 2384 1518 2436 saporem,

661 2448 709 2500 N
715 2464 784 2500 on
825 2447 1006 2500 avium
1043 2445 1395 2511 citharaeque
1434 2449 1626 2497 cantus

523 2524 782 2578 Somnum
819 2523 1099 2575 reducent.
1174 2520 1407 2573 Somnus
1445 2520 1745 2587 agrestium

522 2598 688 2655 Lenis
727 2599 965 2651 virorum
1002 2614 1112 2650 non
1147 2596 1380 2648 humiles
1420 2596 1609 2649 domos

594 2675 835 2728 Fastidit
871 2673 1289 2739 umbrosamque
1328 2672 1517 2738 ripam,

661 2750 785 2802 Non
823 2749 1081 2816 Zephyris
1119 2748 1327 2814 agitata
1365 2747 1582 2814 Tempe.

523 2825 940 2882 Desiderantem
978 2822 1128 2892 quod
1169 2823 1300 2874 satis
1339 2827 1424 2876 est
1460 2838 1639 2891 neque

524 2901 942 2955 'sumultuosum
985 2898 1243 2951 sollicitat
1282 2914 1449 2964 mare,

592 2976 644 3028 N
649 2992 711 3028 ec
749 2991 940 3028 saevus
978 2972 1204 3027 Arcturi
1242 2972 1488 3025 cadentis

665 3049 913 3115 Impetus
953 3051 1051 3100 aut
1089 3046 1312 3098 orientis
1352 3047 1552 3115 Haedi,

522 3123 646 3178 Non
683 3122 1000 3174 verberatae
1039 3119 1306 3185 grandine
1344 3121 1535 3173 vineae

527 3195 861 3262 Fundusque
897 3193 1150 3257 mendaX,
1189 3192 1385 3246 arbore
1424 3211 1571 3249 nunc
1610 3214 1783 3264 aquas

1915 1696 1968 1736 10

1913 2080 1967 2123 15
