<?xml version="1.0" encoding="UTF-8"?>
<!DOCTYPE html PUBLIC "-//W3C//DTD XHTML 1.0 Transitional//EN"
    "http://www.w3.org/TR/xhtml1/DTD/xhtml1-transitional.dtd">
<html xmlns="http://www.w3.org/1999/xhtml" xml:lang="en" lang="en">
 <head>
  <title>
</title>
<meta http-equiv="Content-Type" content="text/html;charset=utf-8" />
  <meta name='ocr-system' content='tesseract 3.04.00' />
  <meta name='ocr-capabilities' content='ocr_page ocr_carea ocr_par ocr_line ocrx_word'/>
</head>
<body>
  <div class='ocr_page' id='page_1' title='image "./quintihoratiifl02longgoog_0203.png"; bbox 0 0 2217 3559; ppageno 0'>
   <div class='ocr_carea' id='block_1_1' title="bbox 43 74 1964 3022">
    <p class='ocr_par' dir='ltr' id='par_1_1' title="bbox 43 74 1964 3022">
     <span class='ocr_line' id='line_1_1' title="bbox 778 74 1946 127; baseline -0.002 -2"><span class='ocrx_word' id='word_1_1' title='bbox 778 76 1292 127; x_wconf 81' lang='lat' dir='ltr'><strong>EPISTOLARUM</strong></span> <span class='ocrx_word' id='word_1_2' title='bbox 1313 77 1359 127; x_wconf 90' lang='lat'><strong>1.</strong></span> <span class='ocrx_word' id='word_1_3' title='bbox 1390 78 1435 127; x_wconf 89' lang='lat'><strong>1.</strong></span> <span class='ocrx_word' id='word_1_4' title='bbox 1856 74 1946 124; x_wconf 85' lang='grc'><strong>161</strong></span> 
     </span>
     <span class='ocr_line' id='line_1_2' title="bbox 215 150 1597 226; baseline 0.002 -20"><span class='ocrx_word' id='word_1_5' title='bbox 215 150 366 207; x_wconf 78' lang='lat' dir='ltr'><strong>Non</strong></span> <span class='ocrx_word' id='word_1_6' title='bbox 408 159 479 211; x_wconf 87' lang='lat' dir='ltr'><strong>ut</strong></span> <span class='ocrx_word' id='word_1_7' title='bbox 513 157 814 225; x_wconf 70' lang='lat' dir='ltr'><strong>porticibus</strong></span> <span class='ocrx_word' id='word_1_8' title='bbox 852 158 930 211; x_wconf 84' lang='lat' dir='ltr'><strong>sic</strong></span> <span class='ocrx_word' id='word_1_9' title='bbox 956 157 1182 226; x_wconf 87' lang='lat' dir='ltr'><strong>judiciis</strong></span> <span class='ocrx_word' id='word_1_10' title='bbox 1216 157 1370 210; x_wconf 83' lang='lat' dir='ltr'><strong>fruar</strong></span> <span class='ocrx_word' id='word_1_11' title='bbox 1404 155 1597 222; x_wconf 87' lang='lat' dir='ltr'><strong>isdem,</strong></span> 
     </span>
     <span class='ocr_line' id='line_1_3' title="bbox 218 228 1823 302; baseline 0.001 -20"><span class='ocrx_word' id='word_1_12' title='bbox 218 229 277 282; x_wconf 84' lang='lat' dir='ltr'>N</span> <span class='ocrx_word' id='word_1_13' title='bbox 283 246 360 283; x_wconf 89' lang='lat' dir='ltr'><strong>ec</strong></span> <span class='ocrx_word' id='word_1_14' title='bbox 404 247 608 301; x_wconf 88' lang='lat' dir='ltr'><strong>sequar</strong></span> <span class='ocrx_word' id='word_1_15' title='bbox 643 240 740 285; x_wconf 88' lang='lat' dir='ltr'><strong>aut</strong></span> <span class='ocrx_word' id='word_1_16' title='bbox 775 234 981 300; x_wconf 82' lang='lat' dir='ltr'><strong>fugiam</strong></span> <span class='ocrx_word' id='word_1_17' title='bbox 1017 249 1160 302; x_wconf 86' lang='lat' dir='ltr'><strong>quae</strong></span> <span class='ocrx_word' id='word_1_18' title='bbox 1198 232 1379 299; x_wconf 76' lang='lat' dir='ltr'>diligit</span> <span class='ocrx_word' id='word_1_19' title='bbox 1415 232 1533 300; x_wconf 88' lang='lat' dir='ltr'><strong>ipse</strong></span> <span class='ocrx_word' id='word_1_20' title='bbox 1567 230 1654 284; x_wconf 84' lang='lat' dir='ltr'><strong>vel</strong></span> <span class='ocrx_word' id='word_1_21' title='bbox 1688 228 1823 296; x_wconf 83' lang='lat' dir='ltr'><strong>odit,</strong></span> 
     </span>
     <span class='ocr_line' id='line_1_4' title="bbox 221 304 1459 377; baseline 0.003 -21"><span class='ocrx_word' id='word_1_22' title='bbox 221 304 397 358; x_wconf 88' lang='lat' dir='ltr'>Olim</span> <span class='ocrx_word' id='word_1_23' title='bbox 437 307 588 375; x_wconf 89' lang='lat' dir='ltr'><strong>quod</strong></span> <span class='ocrx_word' id='word_1_24' title='bbox 625 307 817 377; x_wconf 83' lang='lat' dir='ltr'><strong>vulpes</strong></span> <span class='ocrx_word' id='word_1_25' title='bbox 852 313 1077 376; x_wconf 83' lang='lat' dir='ltr'><strong>aegroto</strong></span> <span class='ocrx_word' id='word_1_26' title='bbox 1114 313 1278 362; x_wconf 88' lang='lat' dir='ltr'><strong>cauta</strong></span> <span class='ocrx_word' id='word_1_27' title='bbox 1312 307 1459 361; x_wconf 90' lang='lat' dir='ltr'><strong>leoni</strong></span> 
     </span>
     <span class='ocr_line' id='line_1_5' title="bbox 227 379 1703 451; baseline 0.003 -18"><span class='ocrx_word' id='word_1_28' title='bbox 227 379 568 450; x_wconf 76' lang='lat' dir='ltr'><strong>Respondit</strong></span> <span class='ocrx_word' id='word_1_29' title='bbox 602 383 866 438; x_wconf 86' lang='lat' dir='ltr'><strong>referam:</strong></span> <span class='ocrx_word' id='word_1_30' title='bbox 905 385 1047 449; x_wconf 84' lang='lat' dir='ltr'><strong>Quia</strong></span> <span class='ocrx_word' id='word_1_31' title='bbox 1080 401 1171 438; x_wconf 90' lang='lat' dir='ltr'><strong>me</strong></span> <span class='ocrx_word' id='word_1_32' title='bbox 1205 383 1438 451; x_wconf 77' lang='lat' dir='ltr'><strong>vestig-ia</strong></span> <span class='ocrx_word' id='word_1_33' title='bbox 1470 386 1703 451; x_wconf 67' lang='lat' dir='ltr'><strong>terrent,</strong></span> 
     </span>
     <span class='ocr_line' id='line_1_6' title="bbox 227 456 1964 527; baseline 0.002 -19"><span class='ocrx_word' id='word_1_34' title='bbox 227 456 457 511; x_wconf 84' lang='lat' dir='ltr'><strong>Omnia</strong></span> <span class='ocrx_word' id='word_1_35' title='bbox 492 461 551 512; x_wconf 91' lang='lat' dir='ltr'><strong>te</strong></span> <span class='ocrx_word' id='word_1_36' title='bbox 587 458 879 513; x_wconf 84' lang='lat' dir='ltr'><strong>adversum</strong></span> <span class='ocrx_word' id='word_1_37' title='bbox 916 459 1237 527; x_wconf 78' lang='lat' dir='ltr'><strong>spectantia,</strong></span> <span class='ocrx_word' id='word_1_38' title='bbox 1272 458 1421 511; x_wconf 87' lang='lat' dir='ltr'><strong>nulla</strong></span> <span class='ocrx_word' id='word_1_39' title='bbox 1456 461 1771 511; x_wconf 77' lang='lat' dir='ltr'><strong>retrorsum.</strong></span> <span class='ocrx_word' id='word_1_40' title='bbox 1917 471 1964 511; x_wconf 76' lang='lat'><strong>75</strong></span> 
     </span>
     <span class='ocr_line' id='line_1_7' title="bbox 230 530 1961 604; baseline 0.001 -20"><span class='ocrx_word' id='word_1_41' title='bbox 230 530 453 586; x_wconf 88' lang='lat' dir='ltr'><strong>Bellua</strong></span> <span class='ocrx_word' id='word_1_42' title='bbox 467 533 763 587; x_wconf 82' lang='lat' dir='ltr'><strong>multorum</strong></span> <span class='ocrx_word' id='word_1_43' title='bbox 781 551 843 588; x_wconf 89' lang='lat' dir='ltr'><strong>es</strong></span> <span class='ocrx_word' id='word_1_44' title='bbox 857 535 1111 603; x_wconf 85' lang='lat' dir='ltr'><strong>capitum.</strong></span> <span class='ocrx_word' id='word_1_45' title='bbox 1146 535 1198 588; x_wconf 90' lang='lat' dir='ltr'>N</span> <span class='ocrx_word' id='word_1_46' title='bbox 1201 551 1290 588; x_wconf 85' lang='lat' dir='ltr'><strong>am</strong></span> <span class='ocrx_word' id='word_1_47' title='bbox 1301 534 1439 604; x_wconf 90' lang='lat' dir='ltr'><strong>quid</strong></span> <span class='ocrx_word' id='word_1_48' title='bbox 1450 549 1650 602; x_wconf 85' lang='lat' dir='ltr'><strong>sequar</strong></span> <span class='ocrx_word' id='word_1_49' title='bbox 1662 537 1759 587; x_wconf 86' lang='lat' dir='ltr'><strong>aut</strong></span> <span class='ocrx_word' id='word_1_50' title='bbox 1773 534 1961 602; x_wconf 73' lang='lat' dir='ltr'><strong>quem?</strong></span> 
     </span>
     <span class='ocr_line' id='line_1_8' title="bbox 234 607 1824 679; baseline 0.001 -19"><span class='ocrx_word' id='word_1_51' title='bbox 234 607 397 661; x_wconf 85' lang='lat' dir='ltr'><strong>Pars</strong></span> <span class='ocrx_word' id='word_1_52' title='bbox 433 609 713 663; x_wconf 87' lang='lat' dir='ltr'><strong>hominum</strong></span> <span class='ocrx_word' id='word_1_53' title='bbox 748 612 920 678; x_wconf 88' lang='lat' dir='ltr'><strong>gestit</strong></span> <span class='ocrx_word' id='word_1_54' title='bbox 953 611 1263 664; x_wconf 88' lang='lat' dir='ltr'><strong>conducere</strong></span> <span class='ocrx_word' id='word_1_55' title='bbox 1296 609 1530 679; x_wconf 86' lang='lat' dir='ltr'><strong>publica,</strong></span> <span class='ocrx_word' id='word_1_56' title='bbox 1566 613 1696 663; x_wconf 87' lang='lat' dir='ltr'><strong>sunt</strong></span> <span class='ocrx_word' id='word_1_57' title='bbox 1729 610 1824 676; x_wconf 89' lang='lat' dir='ltr'><strong>qui</strong></span> 
     </span>
     <span class='ocr_line' id='line_1_9' title="bbox 235 683 1551 754; baseline 0.001 -17"><span class='ocrx_word' id='word_1_58' title='bbox 235 683 475 739; x_wconf 86' lang='lat' dir='ltr'><strong>Crustis</strong></span> <span class='ocrx_word' id='word_1_59' title='bbox 511 690 571 739; x_wconf 88' lang='lat' dir='ltr'><strong>et</strong></span> <span class='ocrx_word' id='word_1_60' title='bbox 603 687 778 754; x_wconf 89' lang='lat' dir='ltr'><strong>pomis</strong></span> <span class='ocrx_word' id='word_1_61' title='bbox 813 687 1005 740; x_wconf 84' lang='lat' dir='ltr'><strong>viduas</strong></span> <span class='ocrx_word' id='word_1_62' title='bbox 1039 689 1310 740; x_wconf 81' lang='lat' dir='ltr'><strong>venentur</strong></span> <span class='ocrx_word' id='word_1_63' title='bbox 1344 701 1551 752; x_wconf 85' lang='lat' dir='ltr'><strong>avaras,</strong></span> 
     </span>
     <span class='ocr_line' id='line_1_10' title="bbox 241 758 1645 830; baseline 0.001 -18"><span class='ocrx_word' id='word_1_64' title='bbox 241 758 659 829; x_wconf 82' lang='lat' dir='ltr'><strong>Excipiantque</strong></span> <span class='ocrx_word' id='word_1_65' title='bbox 696 778 852 815; x_wconf 87' lang='lat' dir='ltr'><strong>senes</strong></span> <span class='ocrx_word' id='word_1_66' title='bbox 886 779 1023 830; x_wconf 87' lang='lat' dir='ltr'><strong>quos</strong></span> <span class='ocrx_word' id='word_1_67' title='bbox 1058 762 1114 815; x_wconf 89' lang='lat' dir='ltr'><strong>in</strong></span> <span class='ocrx_word' id='word_1_68' title='bbox 1150 762 1356 816; x_wconf 82' lang='lat' dir='ltr'><strong>vivaria</strong></span> <span class='ocrx_word' id='word_1_69' title='bbox 1390 762 1618 814; x_wconf 84' lang='lat' dir='ltr'><strong>mittant</strong></span> <span class='ocrx_word' id='word_1_70' title='bbox 1630 781 1645 826; x_wconf 89' lang='lat'>;</span> 
     </span>
     <span class='ocr_line' id='line_1_11' title="bbox 238 834 1963 892; baseline -0.001 -5"><span class='ocrx_word' id='word_1_71' title='bbox 238 834 455 889; x_wconf 86' lang='lat' dir='ltr'><strong>Multis</strong></span> <span class='ocrx_word' id='word_1_72' title='bbox 490 838 700 891; x_wconf 83' lang='lat' dir='ltr'><strong>occulto</strong></span> <span class='ocrx_word' id='word_1_73' title='bbox 735 839 929 892; x_wconf 85' lang='lat' dir='ltr'><strong>crescit</strong></span> <span class='ocrx_word' id='word_1_74' title='bbox 964 855 1054 892; x_wconf 86' lang='lat' dir='ltr'><strong>res</strong></span> <span class='ocrx_word' id='word_1_75' title='bbox 1087 839 1289 892; x_wconf 86' lang='lat' dir='ltr'><strong>fenore.</strong></span> <span class='ocrx_word' id='word_1_76' title='bbox 1363 838 1572 890; x_wconf 86' lang='lat' dir='ltr'><strong>Verum</strong></span> <span class='ocrx_word' id='word_1_77' title='bbox 1915 850 1963 886; x_wconf 76' lang='lat' dir='ltr'><strong>so</strong></span> 
     </span>
     <span class='ocr_line' id='line_1_12' title="bbox 242 909 1503 982; baseline 0.005 -20"><span class='ocrx_word' id='word_1_78' title='bbox 242 909 397 964; x_wconf 84' lang='lat' dir='ltr'><strong>Esto</strong></span> <span class='ocrx_word' id='word_1_79' title='bbox 432 912 554 965; x_wconf 84' lang='lat' dir='ltr'><strong>aliis</strong></span> <span class='ocrx_word' id='word_1_80' title='bbox 588 913 722 965; x_wconf 90' lang='lat' dir='ltr'><strong>alios</strong></span> <span class='ocrx_word' id='word_1_81' title='bbox 757 914 919 966; x_wconf 89' lang='lat' dir='ltr'><strong>rebus</strong></span> <span class='ocrx_word' id='word_1_82' title='bbox 956 914 1261 982; x_wconf 88' lang='lat' dir='ltr'><strong>studiisque</strong></span> <span class='ocrx_word' id='word_1_83' title='bbox 1296 913 1503 968; x_wconf 87' lang='lat' dir='ltr'><strong>teneri:</strong></span> 
     </span>
     <span class='ocr_line' id='line_1_13' title="bbox 245 985 1741 1057; baseline 0.003 -19"><span class='ocrx_word' id='word_1_84' title='bbox 245 985 424 1040; x_wconf 86' lang='lat' dir='ltr'><strong>Idem</strong></span> <span class='ocrx_word' id='word_1_85' title='bbox 460 987 654 1041; x_wconf 87' lang='lat' dir='ltr'><strong>eadem</strong></span> <span class='ocrx_word' id='word_1_86' title='bbox 690 992 918 1056; x_wconf 82' lang='lat' dir='ltr'><strong>possunt</strong></span> <span class='ocrx_word' id='word_1_87' title='bbox 951 989 1141 1043; x_wconf 87' lang='lat' dir='ltr'><strong>horam</strong></span> <span class='ocrx_word' id='word_1_88' title='bbox 1177 989 1377 1043; x_wconf 84' lang='lat' dir='ltr'><strong>durare</strong></span> <span class='ocrx_word' id='word_1_89' title='bbox 1410 987 1741 1057; x_wconf 64' lang='lat' dir='ltr'><strong>probantes?</strong></span> 
     </span>
     <span class='ocr_line' id='line_1_14' title="bbox 244 1060 1696 1133; baseline 0.001 -19"><span class='ocrx_word' id='word_1_90' title='bbox 244 1060 303 1114; x_wconf 86' lang='lat' dir='ltr'>N</span> <span class='ocrx_word' id='word_1_91' title='bbox 311 1062 462 1116; x_wconf 90' lang='lat' dir='ltr'><strong>ullus</strong></span> <span class='ocrx_word' id='word_1_92' title='bbox 495 1063 552 1116; x_wconf 89' lang='lat' dir='ltr'><strong>in</strong></span> <span class='ocrx_word' id='word_1_93' title='bbox 588 1062 722 1116; x_wconf 85' lang='lat' dir='ltr'><strong>orbe</strong></span> <span class='ocrx_word' id='word_1_94' title='bbox 758 1063 907 1117; x_wconf 88' lang='lat' dir='ltr'><strong>sinus</strong></span> <span class='ocrx_word' id='word_1_95' title='bbox 944 1064 1092 1118; x_wconf 83' lang='lat' dir='ltr'><strong>Baiis</strong></span> <span class='ocrx_word' id='word_1_96' title='bbox 1127 1065 1407 1133; x_wconf 72' lang='lat' dir='ltr'><strong>praelucet</strong></span> <span class='ocrx_word' id='word_1_97' title='bbox 1440 1064 1696 1130; x_wconf 76' lang='lat' dir='ltr'><strong>amoenis,</strong></span> 
     </span>
     <span class='ocr_line' id='line_1_15' title="bbox 246 1137 1641 1205; baseline 0.001 -15"><span class='ocrx_word' id='word_1_98' title='bbox 246 1137 317 1190; x_wconf 83' lang='lat' dir='ltr'><strong>Si</strong></span> <span class='ocrx_word' id='word_1_99' title='bbox 355 1138 499 1192; x_wconf 80' lang='lat' dir='ltr'><strong>dixit</strong></span> <span class='ocrx_word' id='word_1_100' title='bbox 534 1139 701 1205; x_wconf 75' lang='lat' dir='ltr'><strong>diveS,</strong></span> <span class='ocrx_word' id='word_1_101' title='bbox 736 1139 884 1193; x_wconf 87' lang='lat' dir='ltr'><strong>lacus</strong></span> <span class='ocrx_word' id='word_1_102' title='bbox 919 1142 978 1193; x_wconf 91' lang='lat' dir='ltr'><strong>et</strong></span> <span class='ocrx_word' id='word_1_103' title='bbox 1013 1156 1165 1194; x_wconf 88' lang='lat' dir='ltr'><strong>mare</strong></span> <span class='ocrx_word' id='word_1_104' title='bbox 1199 1140 1368 1194; x_wconf 85' lang='lat' dir='ltr'><strong>sentit</strong></span> <span class='ocrx_word' id='word_1_105' title='bbox 1402 1156 1641 1193; x_wconf 88' lang='lat' dir='ltr'><strong>amorem</strong></span> 
     </span>
     <span class='ocr_line' id='line_1_16' title="bbox 250 1212 1963 1279; baseline 0.001 -14"><span class='ocrx_word' id='word_1_106' title='bbox 250 1212 595 1267; x_wconf 84' lang='lat' dir='ltr'><strong>Festinantis</strong></span> <span class='ocrx_word' id='word_1_107' title='bbox 629 1214 778 1279; x_wconf 80' lang='lat' dir='ltr'><strong>heri3</strong></span> <span class='ocrx_word' id='word_1_108' title='bbox 813 1216 899 1268; x_wconf 91' lang='lat' dir='ltr'><strong>cui</strong></span> <span class='ocrx_word' id='word_1_109' title='bbox 937 1215 983 1267; x_wconf 88' lang='lat' dir='ltr'><strong>si</strong></span> <span class='ocrx_word' id='word_1_110' title='bbox 1017 1216 1211 1269; x_wconf 83' lang='lat' dir='ltr'><strong>vitiosa</strong></span> <span class='ocrx_word' id='word_1_111' title='bbox 1244 1215 1415 1270; x_wconf 87' lang='lat' dir='ltr'><strong>libido</strong></span> <span class='ocrx_word' id='word_1_112' title='bbox 1915 1228 1963 1267; x_wconf 78' lang='lat' dir='ltr'><strong>ss</strong></span> 
     </span>
     <span class='ocr_line' id='line_1_17' title="bbox 251 1287 1685 1358; baseline 0.003 -17"><span class='ocrx_word' id='word_1_113' title='bbox 251 1287 483 1343; x_wconf 85' lang='lat' dir='ltr'><strong>Fecerit</strong></span> <span class='ocrx_word' id='word_1_114' title='bbox 515 1290 830 1358; x_wconf 84' lang='lat' dir='ltr'><strong>auspicium,</strong></span> <span class='ocrx_word' id='word_1_115' title='bbox 866 1291 894 1316; x_wconf 91' lang='lat'>“</span> <span class='ocrx_word' id='word_1_116' title='bbox 907 1291 1042 1344; x_wconf 85' lang='lat' dir='ltr'><strong>Cras</strong></span> <span class='ocrx_word' id='word_1_117' title='bbox 1075 1291 1410 1344; x_wconf 83' lang='lat' dir='ltr'><strong>ferramenta</strong></span> <span class='ocrx_word' id='word_1_118' title='bbox 1445 1291 1685 1346; x_wconf 82' lang='lat' dir='ltr'><strong>Teanum</strong></span> 
     </span>
     <span class='ocr_line' id='line_1_18' title="bbox 251 1363 1650 1434; baseline 0.001 -17"><span class='ocrx_word' id='word_1_119' title='bbox 251 1363 501 1432; x_wconf 79' lang='lat' dir='ltr'><strong>Tenetis,</strong></span> <span class='ocrx_word' id='word_1_120' title='bbox 537 1365 724 1418; x_wconf 84' lang='lat' dir='ltr'><strong>fabri.&#39;&#39;</strong></span> <span class='ocrx_word' id='word_1_121' title='bbox 799 1365 1004 1419; x_wconf 81' lang='lat' dir='ltr'><strong>Lectus</strong></span> <span class='ocrx_word' id='word_1_122' title='bbox 1038 1366 1264 1434; x_wconf 84' lang='lat' dir='ltr'><strong>genialis</strong></span> <span class='ocrx_word' id='word_1_123' title='bbox 1299 1366 1355 1418; x_wconf 91' lang='lat' dir='ltr'><strong>in</strong></span> <span class='ocrx_word' id='word_1_124' title='bbox 1389 1366 1516 1418; x_wconf 86' lang='lat' dir='ltr'><strong>aula</strong></span> <span class='ocrx_word' id='word_1_125' title='bbox 1549 1370 1650 1434; x_wconf 85' lang='lat' dir='ltr'><strong>est,</strong></span> 
     </span>
     <span class='ocr_line' id='line_1_19' title="bbox 253 1439 1587 1509; baseline 0.001 -16"><span class='ocrx_word' id='word_1_126' title='bbox 253 1439 355 1492; x_wconf 90' lang='lat' dir='ltr'><strong>Nil</strong></span> <span class='ocrx_word' id='word_1_127' title='bbox 391 1441 471 1494; x_wconf 89' lang='lat' dir='ltr'><strong>ait</strong></span> <span class='ocrx_word' id='word_1_128' title='bbox 505 1457 625 1494; x_wconf 87' lang='lat' dir='ltr'><strong>esse</strong></span> <span class='ocrx_word' id='word_1_129' title='bbox 659 1441 826 1509; x_wconf 72' lang='lat' dir='ltr'><strong>priuS,</strong></span> <span class='ocrx_word' id='word_1_130' title='bbox 861 1441 1057 1495; x_wconf 88' lang='lat' dir='ltr'><strong>melius</strong></span> <span class='ocrx_word' id='word_1_131' title='bbox 1090 1442 1168 1494; x_wconf 92' lang='lat' dir='ltr'><strong>nil</strong></span> <span class='ocrx_word' id='word_1_132' title='bbox 1202 1441 1411 1494; x_wconf 88' lang='lat' dir='ltr'><strong>caelibe</strong></span> <span class='ocrx_word' id='word_1_133' title='bbox 1446 1441 1587 1505; x_wconf 79' lang='lat' dir='ltr'><strong>vita;</strong></span> 
     </span>
     <span class='ocr_line' id='line_1_20' title="bbox 255 1515 1523 1584; baseline -0.001 -16"><span class='ocrx_word' id='word_1_134' title='bbox 255 1515 320 1568; x_wconf 80' lang='lat' dir='ltr'><strong>Si</strong></span> <span class='ocrx_word' id='word_1_135' title='bbox 354 1532 462 1569; x_wconf 90' lang='lat' dir='ltr'><strong>non</strong></span> <span class='ocrx_word' id='word_1_136' title='bbox 497 1520 586 1570; x_wconf 89' lang='lat' dir='ltr'><strong>est</strong></span> <span class='ocrx_word' id='word_1_137' title='bbox 609 1516 770 1584; x_wconf 85' lang='lat' dir='ltr'><strong>jurat</strong></span> <span class='ocrx_word' id='word_1_138' title='bbox 804 1516 943 1570; x_wconf 92' lang='lat' dir='ltr'><strong>bene</strong></span> <span class='ocrx_word' id='word_1_139' title='bbox 979 1516 1106 1570; x_wconf 87' lang='lat' dir='ltr'><strong>solis</strong></span> <span class='ocrx_word' id='word_1_140' title='bbox 1140 1532 1261 1570; x_wconf 86' lang='lat' dir='ltr'><strong>esse</strong></span> <span class='ocrx_word' id='word_1_141' title='bbox 1297 1515 1523 1569; x_wconf 88' lang='lat' dir='ltr'><strong>maritis.</strong></span> 
     </span>
     <span class='ocr_line' id='line_1_21' title="bbox 258 1590 1960 1655; baseline -0.001 -10"><span class='ocrx_word' id='word_1_142' title='bbox 258 1592 381 1655; x_wconf 84' lang='lat' dir='ltr'><strong>Quo</strong></span> <span class='ocrx_word' id='word_1_143' title='bbox 416 1595 632 1645; x_wconf 86' lang='lat' dir='ltr'><strong>teneam</strong></span> <span class='ocrx_word' id='word_1_144' title='bbox 668 1592 854 1645; x_wconf 89' lang='lat' dir='ltr'><strong>vultus</strong></span> <span class='ocrx_word' id='word_1_145' title='bbox 889 1596 1197 1646; x_wconf 79' lang='lat' dir='ltr'><strong>mutantem</strong></span> <span class='ocrx_word' id='word_1_146' title='bbox 1235 1591 1438 1644; x_wconf 88' lang='lat' dir='ltr'><strong>Protea</strong></span> <span class='ocrx_word' id='word_1_147' title='bbox 1472 1590 1650 1644; x_wconf 69' lang='lat' dir='ltr'><strong>nodo?</strong></span> <span class='ocrx_word' id='word_1_148' title='bbox 1913 1609 1960 1647; x_wconf 70' lang='lat' dir='ltr'><strong>ou</strong></span> 
     </span>
     <span class='ocr_line' id='line_1_22' title="bbox 43 1666 1703 1737; baseline 0.001 -20"><span class='ocrx_word' id='word_1_149' title='bbox 43 1667 83 1717; x_wconf 52' lang='grc' dir='ltr'><strong>’ρ</strong></span> <span class='ocrx_word' id='word_1_150' title='bbox 258 1667 408 1731; x_wconf 77' lang='lat' dir='ltr'><strong>Quid</strong></span> <span class='ocrx_word' id='word_1_151' title='bbox 442 1669 685 1737; x_wconf 66' lang='lat' dir='ltr'><strong>pauperi</strong></span> <span class='ocrx_word' id='word_1_152' title='bbox 759 1667 933 1722; x_wconf 88' lang='lat' dir='ltr'><strong>Ride:</strong></span> <span class='ocrx_word' id='word_1_153' title='bbox 970 1671 1148 1720; x_wconf 83' lang='lat' dir='ltr'><strong>mutat</strong></span> <span class='ocrx_word' id='word_1_154' title='bbox 1183 1666 1484 1733; x_wconf 86' lang='lat' dir='ltr'><strong>coenacula,</strong></span> <span class='ocrx_word' id='word_1_155' title='bbox 1520 1666 1703 1734; x_wconf 77' lang='lat' dir='ltr'><strong>lectos,</strong></span> 
     </span>
     <span class='ocr_line' id='line_1_23' title="bbox 260 1743 1545 1812; baseline -0.001 -16"><span class='ocrx_word' id='word_1_156' title='bbox 260 1743 478 1810; x_wconf 83' lang='lat' dir='ltr'><strong>Balnea,</strong></span> <span class='ocrx_word' id='word_1_157' title='bbox 515 1747 778 1812; x_wconf 73' lang='lat' dir='ltr'><strong>tonsoreS,</strong></span> <span class='ocrx_word' id='word_1_158' title='bbox 814 1743 1084 1798; x_wconf 88' lang='lat' dir='ltr'><strong>conducto</strong></span> <span class='ocrx_word' id='word_1_159' title='bbox 1120 1744 1335 1811; x_wconf 82' lang='lat' dir='ltr'><strong>navigio</strong></span> <span class='ocrx_word' id='word_1_160' title='bbox 1371 1758 1545 1811; x_wconf 85' lang='lat' dir='ltr'><strong>aeque</strong></span> 
     </span>
     <span class='ocr_line' id='line_1_24' title="bbox 257 1818 1745 1889; baseline 0.001 -19"><span class='ocrx_word' id='word_1_161' title='bbox 257 1818 309 1871; x_wconf 88' lang='lat' dir='ltr'>N</span> <span class='ocrx_word' id='word_1_162' title='bbox 315 1824 506 1873; x_wconf 87' lang='lat' dir='ltr'><strong>auseat</strong></span> <span class='ocrx_word' id='word_1_163' title='bbox 540 1836 604 1873; x_wconf 90' lang='lat' dir='ltr'><strong>ac</strong></span> <span class='ocrx_word' id='word_1_164' title='bbox 637 1819 877 1888; x_wconf 83' lang='lat' dir='ltr'><strong>locuples</strong></span> <span class='ocrx_word' id='word_1_165' title='bbox 913 1836 1077 1889; x_wconf 87' lang='lat' dir='ltr'><strong>quem</strong></span> <span class='ocrx_word' id='word_1_166' title='bbox 1114 1820 1266 1872; x_wconf 87' lang='lat' dir='ltr'><strong>ducit</strong></span> <span class='ocrx_word' id='word_1_167' title='bbox 1299 1819 1454 1887; x_wconf 88' lang='lat' dir='ltr'><strong>priva</strong></span> <span class='ocrx_word' id='word_1_168' title='bbox 1488 1818 1745 1872; x_wconf 80' lang='lat' dir='ltr'><strong>triremis.</strong></span> 
     </span>
     <span class='ocr_line' id='line_1_25' title="bbox 258 1894 1393 1964; baseline 0 -17"><span class='ocrx_word' id='word_1_169' title='bbox 258 1894 313 1946; x_wconf 74' lang='lat' dir='ltr'><strong>Si</strong></span> <span class='ocrx_word' id='word_1_170' title='bbox 352 1898 572 1948; x_wconf 85' lang='lat' dir='ltr'><strong>curatus</strong></span> <span class='ocrx_word' id='word_1_171' title='bbox 606 1895 877 1964; x_wconf 81' lang='lat' dir='ltr'><strong>inaequali</strong></span> <span class='ocrx_word' id='word_1_172' title='bbox 915 1899 1136 1949; x_wconf 85' lang='lat' dir='ltr'><strong>tonsore</strong></span> <span class='ocrx_word' id='word_1_173' title='bbox 1172 1895 1393 1963; x_wconf 82' lang='lat' dir='ltr'><strong>capillos</strong></span> 
     </span>
     <span class='ocr_line' id='line_1_26' title="bbox 259 1970 1962 2038; baseline 0.003 -18"><span class='ocrx_word' id='word_1_174' title='bbox 259 1970 500 2037; x_wconf 85' lang='lat' dir='ltr'><strong>Occurri,</strong></span> <span class='ocrx_word' id='word_1_175' title='bbox 535 1970 713 2035; x_wconf 82' lang='lat' dir='ltr'><strong>rides3</strong></span> <span class='ocrx_word' id='word_1_176' title='bbox 747 1971 794 2023; x_wconf 91' lang='lat' dir='ltr'><strong>si</strong></span> <span class='ocrx_word' id='word_1_177' title='bbox 827 1972 971 2025; x_wconf 82' lang='lat' dir='ltr'><strong>forte</strong></span> <span class='ocrx_word' id='word_1_178' title='bbox 1007 1970 1269 2024; x_wconf 85' lang='lat' dir='ltr'><strong>subucula</strong></span> <span class='ocrx_word' id='word_1_179' title='bbox 1304 1986 1476 2038; x_wconf 85' lang='lat' dir='ltr'><strong>pexae</strong></span> <span class='ocrx_word' id='word_1_180' title='bbox 1916 1985 1962 2025; x_wconf 75' lang='lat'><strong>9⁵</strong></span> 
     </span>
     <span class='ocr_line' id='line_1_27' title="bbox 257 2045 1743 2113; baseline 0 -15"><span class='ocrx_word' id='word_1_181' title='bbox 257 2046 412 2099; x_wconf 88' lang='lat' dir='ltr'><strong>Trita</strong></span> <span class='ocrx_word' id='word_1_182' title='bbox 446 2045 635 2100; x_wconf 86' lang='lat' dir='ltr'><strong>subest</strong></span> <span class='ocrx_word' id='word_1_183' title='bbox 669 2046 886 2100; x_wconf 87' lang='lat' dir='ltr'><strong>tunicae</strong></span> <span class='ocrx_word' id='word_1_184' title='bbox 921 2047 1009 2100; x_wconf 86' lang='lat' dir='ltr'><strong>vel</strong></span> <span class='ocrx_word' id='word_1_185' title='bbox 1044 2046 1090 2099; x_wconf 89' lang='lat' dir='ltr'><strong>si</strong></span> <span class='ocrx_word' id='word_1_186' title='bbox 1127 2050 1256 2113; x_wconf 85' lang='lat' dir='ltr'><strong>toga</strong></span> <span class='ocrx_word' id='word_1_187' title='bbox 1290 2045 1520 2099; x_wconf 87' lang='lat' dir='ltr'><strong>dissidet</strong></span> <span class='ocrx_word' id='word_1_188' title='bbox 1553 2045 1743 2113; x_wconf 85' lang='lat' dir='ltr'><strong>impar,</strong></span> 
     </span>
     <span class='ocr_line' id='line_1_28' title="bbox 261 2121 1745 2190; baseline 0.001 -18"><span class='ocrx_word' id='word_1_189' title='bbox 261 2121 459 2174; x_wconf 81' lang='lat' dir='ltr'><strong>Rides:</strong></span> <span class='ocrx_word' id='word_1_190' title='bbox 494 2122 642 2189; x_wconf 85' lang='lat' dir='ltr'><strong>quid,</strong></span> <span class='ocrx_word' id='word_1_191' title='bbox 677 2138 802 2175; x_wconf 90' lang='lat' dir='ltr'><strong>mea</strong></span> <span class='ocrx_word' id='word_1_192' title='bbox 835 2138 959 2174; x_wconf 89' lang='lat' dir='ltr'><strong>cum</strong></span> <span class='ocrx_word' id='word_1_193' title='bbox 994 2125 1205 2190; x_wconf 84' lang='lat' dir='ltr'><strong>pugnat</strong></span> <span class='ocrx_word' id='word_1_194' title='bbox 1239 2122 1509 2175; x_wconf 84' lang='lat' dir='ltr'><strong>sententia</strong></span> <span class='ocrx_word' id='word_1_195' title='bbox 1543 2137 1745 2186; x_wconf 88' lang='lat' dir='ltr'><strong>secum,</strong></span> 
     </span>
     <span class='ocr_line' id='line_1_29' title="bbox 258 2195 1743 2265; baseline 0.001 -17"><span class='ocrx_word' id='word_1_196' title='bbox 258 2195 421 2260; x_wconf 79' lang='lat' dir='ltr'><strong>Quod</strong></span> <span class='ocrx_word' id='word_1_197' title='bbox 456 2197 620 2264; x_wconf 88' lang='lat' dir='ltr'><strong>petiit</strong></span> <span class='ocrx_word' id='word_1_198' title='bbox 655 2198 878 2265; x_wconf 86' lang='lat' dir='ltr'><strong>spernit,</strong></span> <span class='ocrx_word' id='word_1_199' title='bbox 914 2197 1119 2264; x_wconf 83' lang='lat' dir='ltr'><strong>repetit</strong></span> <span class='ocrx_word' id='word_1_200' title='bbox 1154 2197 1302 2265; x_wconf 85' lang='lat' dir='ltr'><strong>quod</strong></span> <span class='ocrx_word' id='word_1_201' title='bbox 1338 2212 1510 2264; x_wconf 86' lang='lat' dir='ltr'><strong>nuper</strong></span> <span class='ocrx_word' id='word_1_202' title='bbox 1543 2196 1743 2264; x_wconf 85' lang='lat' dir='ltr'><strong>omisit,</strong></span> 
     </span>
     <span class='ocr_line' id='line_1_30' title="bbox 260 2272 1542 2337; baseline -0.001 -12"><span class='ocrx_word' id='word_1_203' title='bbox 260 2274 500 2325; x_wconf 87' lang='lat' dir='ltr'><strong>Aestuat</strong></span> <span class='ocrx_word' id='word_1_204' title='bbox 536 2277 593 2326; x_wconf 85' lang='lat' dir='ltr'><strong>et</strong></span> <span class='ocrx_word' id='word_1_205' title='bbox 627 2273 774 2325; x_wconf 86' lang='lat' dir='ltr'><strong>vitae</strong></span> <span class='ocrx_word' id='word_1_206' title='bbox 810 2272 1152 2326; x_wconf 84' lang='lat' dir='ltr'><strong>disconvenit</strong></span> <span class='ocrx_word' id='word_1_207' title='bbox 1186 2272 1372 2325; x_wconf 88' lang='lat' dir='ltr'><strong>ordine</strong></span> <span class='ocrx_word' id='word_1_208' title='bbox 1407 2275 1542 2337; x_wconf 83' lang='lat' dir='ltr'><strong>tote,</strong></span> 
     </span>
     <span class='ocr_line' id='line_1_31' title="bbox 259 2346 1958 2417; baseline -0.003 -18"><span class='ocrx_word' id='word_1_209' title='bbox 259 2346 459 2413; x_wconf 85' lang='lat' dir='ltr'><strong>Diruit,</strong></span> <span class='ocrx_word' id='word_1_210' title='bbox 495 2348 764 2415; x_wconf 86' lang='lat' dir='ltr'><strong>aedificat,</strong></span> <span class='ocrx_word' id='word_1_211' title='bbox 800 2351 982 2401; x_wconf 86' lang='lat' dir='ltr'><strong>mutat</strong></span> <span class='ocrx_word' id='word_1_212' title='bbox 1016 2348 1287 2417; x_wconf 78' lang='lat' dir='ltr'><strong>quadrata</strong></span> <span class='ocrx_word' id='word_1_213' title='bbox 1326 2346 1611 2402; x_wconf 66' lang='lat' dir='ltr'><strong>rotundis?</strong></span> <span class='ocrx_word' id='word_1_214' title='bbox 1898 2364 1958 2400; x_wconf 69' lang='lat' dir='ltr'><strong>sor.</strong></span> 
     </span>
     <span class='ocr_line' id='line_1_32' title="bbox 261 2421 1558 2492; baseline 0 -17"><span class='ocrx_word' id='word_1_215' title='bbox 261 2423 508 2476; x_wconf 85' lang='lat' dir='ltr'><strong>Insanire</strong></span> <span class='ocrx_word' id='word_1_216' title='bbox 541 2427 702 2490; x_wconf 88' lang='lat' dir='ltr'><strong>putas</strong></span> <span class='ocrx_word' id='word_1_217' title='bbox 739 2422 1021 2476; x_wconf 85' lang='lat' dir='ltr'><strong>sollemnia</strong></span> <span class='ocrx_word' id='word_1_218' title='bbox 1054 2439 1146 2475; x_wconf 92' lang='lat' dir='ltr'><strong>me</strong></span> <span class='ocrx_word' id='word_1_219' title='bbox 1181 2439 1357 2492; x_wconf 90' lang='lat' dir='ltr'><strong>neque</strong></span> <span class='ocrx_word' id='word_1_220' title='bbox 1391 2421 1558 2490; x_wconf 86' lang='lat' dir='ltr'><strong>rides,</strong></span> 
     </span>
     <span class='ocr_line' id='line_1_33' title="bbox 259 2497 1457 2564; baseline 0 -13"><span class='ocrx_word' id='word_1_221' title='bbox 259 2499 301 2551; x_wconf 77' lang='lat' dir='ltr'>N</span> <span class='ocrx_word' id='word_1_222' title='bbox 312 2515 376 2552; x_wconf 92' lang='lat' dir='ltr'><strong>ec</strong></span> <span class='ocrx_word' id='word_1_223' title='bbox 412 2497 610 2552; x_wconf 83' lang='lat' dir='ltr'><strong>medici</strong></span> <span class='ocrx_word' id='word_1_224' title='bbox 644 2498 824 2552; x_wconf 85' lang='lat' dir='ltr'><strong>credis</strong></span> <span class='ocrx_word' id='word_1_225' title='bbox 858 2514 959 2552; x_wconf 90' lang='lat' dir='ltr'><strong>nec</strong></span> <span class='ocrx_word' id='word_1_226' title='bbox 992 2498 1260 2553; x_wconf 78' lang='lat' dir='ltr'><strong>curatoris</strong></span> <span class='ocrx_word' id='word_1_227' title='bbox 1295 2514 1457 2564; x_wconf 83' lang='lat' dir='ltr'><strong>egere</strong></span> 
     </span>
     <span class='ocr_line' id='line_1_34' title="bbox 261 2573 1480 2642; baseline -0.001 -15"><span class='ocrx_word' id='word_1_228' title='bbox 261 2578 311 2627; x_wconf 78' lang='lat' dir='ltr'>A</span> <span class='ocrx_word' id='word_1_229' title='bbox 346 2578 602 2642; x_wconf 84' lang='lat' dir='ltr'><strong>praetore</strong></span> <span class='ocrx_word' id='word_1_230' title='bbox 637 2573 768 2639; x_wconf 90' lang='lat' dir='ltr'><strong>dati,</strong></span> <span class='ocrx_word' id='word_1_231' title='bbox 804 2590 992 2628; x_wconf 88' lang='lat' dir='ltr'><strong>rerum</strong></span> <span class='ocrx_word' id='word_1_232' title='bbox 1026 2574 1205 2628; x_wconf 88' lang='lat' dir='ltr'><strong>tutela</strong></span> <span class='ocrx_word' id='word_1_233' title='bbox 1237 2590 1480 2626; x_wconf 85' lang='lat' dir='ltr'><strong>mearum</strong></span> 
     </span>
     <span class='ocr_line' id='line_1_35' title="bbox 260 2648 1817 2718; baseline -0.001 -14"><span class='ocrx_word' id='word_1_234' title='bbox 260 2650 398 2704; x_wconf 85' lang='lat' dir='ltr'><strong>Cum</strong></span> <span class='ocrx_word' id='word_1_235' title='bbox 434 2650 508 2702; x_wconf 86' lang='lat' dir='ltr'><strong>sis</strong></span> <span class='ocrx_word' id='word_1_236' title='bbox 544 2653 602 2704; x_wconf 90' lang='lat' dir='ltr'><strong>et</strong></span> <span class='ocrx_word' id='word_1_237' title='bbox 633 2666 797 2718; x_wconf 79' lang='lat' dir='ltr'><strong>prave</strong></span> <span class='ocrx_word' id='word_1_238' title='bbox 833 2654 1044 2703; x_wconf 85' lang='lat' dir='ltr'><strong>sectum</strong></span> <span class='ocrx_word' id='word_1_239' title='bbox 1080 2649 1433 2703; x_wconf 85' lang='lat' dir='ltr'><strong>stomacheris</strong></span> <span class='ocrx_word' id='word_1_240' title='bbox 1473 2648 1545 2702; x_wconf 89' lang='lat' dir='ltr'><strong>ob</strong></span> <span class='ocrx_word' id='word_1_241' title='bbox 1578 2665 1817 2717; x_wconf 84' lang='lat' dir='ltr'><strong>unguem</strong></span> 
     </span>
     <span class='ocr_line' id='line_1_36' title="bbox 261 2723 1959 2794; baseline 0 -16"><span class='ocrx_word' id='word_1_242' title='bbox 261 2723 343 2779; x_wconf 86' lang='lat' dir='ltr'><strong>De</strong></span> <span class='ocrx_word' id='word_1_243' title='bbox 379 2729 440 2779; x_wconf 88' lang='lat' dir='ltr'><strong>te</strong></span> <span class='ocrx_word' id='word_1_244' title='bbox 474 2725 778 2794; x_wconf 88' lang='lat' dir='ltr'><strong>pendentis,</strong></span> <span class='ocrx_word' id='word_1_245' title='bbox 815 2729 874 2779; x_wconf 91' lang='lat' dir='ltr'><strong>te</strong></span> <span class='ocrx_word' id='word_1_246' title='bbox 910 2725 1252 2794; x_wconf 83' lang='lat' dir='ltr'><strong>respicientis</strong></span> <span class='ocrx_word' id='word_1_247' title='bbox 1286 2724 1459 2778; x_wconf 88' lang='lat' dir='ltr'><strong>amici.</strong></span> <span class='ocrx_word' id='word_1_248' title='bbox 1893 2738 1959 2778; x_wconf 77' lang='lat'><strong>105</strong></span> 
     </span>
     <span class='ocr_line' id='line_1_37' title="bbox 263 2800 1804 2870; baseline 0 -17"><span class='ocrx_word' id='word_1_249' title='bbox 263 2801 353 2854; x_wconf 80' lang='lat' dir='ltr'><strong>Ad</strong></span> <span class='ocrx_word' id='word_1_250' title='bbox 386 2817 679 2855; x_wconf 88' lang='lat' dir='ltr'><strong>summam:</strong></span> <span class='ocrx_word' id='word_1_251' title='bbox 716 2802 933 2870; x_wconf 81' lang='lat' dir='ltr'><strong>sapiens</strong></span> <span class='ocrx_word' id='word_1_252' title='bbox 968 2817 1076 2854; x_wconf 92' lang='lat' dir='ltr'><strong>uno</strong></span> <span class='ocrx_word' id='word_1_253' title='bbox 1112 2801 1288 2853; x_wconf 88' lang='lat' dir='ltr'><strong>minor</strong></span> <span class='ocrx_word' id='word_1_254' title='bbox 1321 2804 1408 2853; x_wconf 88' lang='lat' dir='ltr'><strong>est</strong></span> <span class='ocrx_word' id='word_1_255' title='bbox 1442 2800 1599 2866; x_wconf 84' lang='lat' dir='ltr'><strong>Jove,</strong></span> <span class='ocrx_word' id='word_1_256' title='bbox 1636 2800 1804 2867; x_wconf 86' lang='lat' dir='ltr'><strong>dives,</strong></span> 
     </span>
     <span class='ocr_line' id='line_1_38' title="bbox 262 2875 1727 2945; baseline -0.001 -16"><span class='ocrx_word' id='word_1_257' title='bbox 262 2875 442 2944; x_wconf 88' lang='lat' dir='ltr'><strong>Liber,</strong></span> <span class='ocrx_word' id='word_1_258' title='bbox 476 2876 786 2945; x_wconf 88' lang='lat' dir='ltr'><strong>honoratus,</strong></span> <span class='ocrx_word' id='word_1_259' title='bbox 820 2877 1064 2945; x_wconf 89' lang='lat' dir='ltr'><strong>pulcher,</strong></span> <span class='ocrx_word' id='word_1_260' title='bbox 1098 2892 1199 2929; x_wconf 82' lang='lat' dir='ltr'><strong>rex</strong></span> <span class='ocrx_word' id='word_1_261' title='bbox 1235 2875 1471 2944; x_wconf 90' lang='lat' dir='ltr'><strong>denique</strong></span> <span class='ocrx_word' id='word_1_262' title='bbox 1506 2891 1727 2942; x_wconf 80' lang='lat' dir='ltr'><strong>regum3</strong></span> 
     </span>
     <span class='ocr_line' id='line_1_39' title="bbox 264 2951 1709 3022; baseline 0.001 -15"><span class='ocrx_word' id='word_1_263' title='bbox 264 2952 559 3022; x_wconf 84' lang='lat' dir='ltr'><strong>Praecipue</strong></span> <span class='ocrx_word' id='word_1_264' title='bbox 592 2968 768 3019; x_wconf 83' lang='lat' dir='ltr'><strong>sanus,</strong></span> <span class='ocrx_word' id='word_1_265' title='bbox 803 2952 910 3007; x_wconf 83' lang='lat' dir='ltr'><strong>nisi</strong></span> <span class='ocrx_word' id='word_1_266' title='bbox 948 2968 1073 3007; x_wconf 87' lang='lat' dir='ltr'><strong>cum</strong></span> <span class='ocrx_word' id='word_1_267' title='bbox 1109 2951 1313 3022; x_wconf 83' lang='lat' dir='ltr'><strong>pituita</strong></span> <span class='ocrx_word' id='word_1_268' title='bbox 1346 2951 1576 3007; x_wconf 86' lang='lat' dir='ltr'><strong>molesta</strong></span> <span class='ocrx_word' id='word_1_269' title='bbox 1609 2953 1709 3009; x_wconf 79' lang='lat' dir='ltr'><strong>est.</strong></span> 
     </span>
    </p>
   </div>
   <div class='ocr_carea' id='block_1_2' title="bbox 53 223 79 251">
    <p class='ocr_par' dir='ltr' id='par_1_2' title="bbox 53 223 79 251">
     <span class='ocr_line' id='line_1_40' title="bbox 53 223 79 251; baseline 0 0"><span class='ocrx_word' id='word_1_270' title='bbox 53 223 79 251; x_wconf 63' lang='lat' dir='ltr'>h</span> 
     </span>
    </p>
   </div>
  </div>
 </body>
</html>
