2217 3559
796 87 1087 136 EPODON
1123 88 1356 148 LIBER,
1399 90 1473 137 12.
1925 94 1988 142 97

415 167 531 222 Hic
565 168 764 222 tertius
800 168 1121 236 December,
1158 185 1227 221 ex
1264 185 1372 235 quo
1408 168 1598 223 destiti
1967 186 1993 225 ⁵

487 244 714 296 Inachia
748 243 949 308 furere,
989 244 1137 296 silvis
1173 244 1435 296 honorem
1473 244 1700 299 decutit.

416 320 550 372 ch
586 335 688 386 me,
725 336 825 387 per
860 319 1268 372 Urbem—nam
1304 319 1478 387 pudet
1512 321 1654 373 tanti
1692 321 1891 373 mali-—

487 394 697 447 Fabula
733 400 939 462 quanta
972 394 1085 448 fui!
1162 394 1543 447 Conviviorum
1580 399 1639 448 et
1671 400 1915 464 poenitet

414 469 485 522 In
521 470 645 537 quis
679 473 955 522 amantem
989 470 1218 537 languor
1253 474 1312 523 et
1348 470 1627 523 silentium

484 545 689 611 Arguit
723 549 782 598 et
815 545 988 599 latere
1021 548 1230 613 petitus
1267 545 1373 597 imo
1410 546 1646 612 spiritus,
1941 564 1982 602 ιο

409 620 726 675 “Contrane
763 621 973 674 lucrum
1008 621 1085 672 nil
1122 621 1300 673 valere
1335 621 1629 673 candidum

482 696 745 764 Pauperis
780 697 1058 764 ingenium
1073 697 1122 750 ‘P‘
1161 695 1432 764 querebar
1466 697 1755 764 applorans
1790 697 1909 754 tibi.

409 771 583 825 Simul
620 772 846 825 calentis
882 772 1278 824 inverecundus
1315 771 1451 824 deus

480 847 796 900 Fervidiore
832 863 982 900 mero
1018 863 1215 899 arcana
1250 851 1527 915 promorat
1562 847 1693 901 loco,

408 921 617 986 Quodsi
652 923 789 975 meis
825 924 1098 976 inaestuat
1134 923 1468 990 praecordiis
1939 940 1979 979 15

478 997 679 1051 Libera
715 998 853 1065 bilis,
891 1002 956 1051 ut
991 999 1126 1051 haec
1162 999 1376 1064 ingrata
1412 999 1590 1052 ventis
1626 998 1839 1053 dividat

409 1072 672 1126 Fomenta
706 1074 900 1126 vulnus
935 1074 1012 1127 nil
1048 1074 1249 1126 malum
1287 1074 1537 1140 levantia,

477 1148 706 1202 Desinet
741 1150 1039 1217 imparibus
1075 1157 1286 1202 certare
1322 1154 1623 1203 summotus
1658 1152 1850 1218 pudor.

406 1222 519 1277 Ubi
555 1225 688 1278 haec
724 1241 947 1278 severus
983 1229 1040 1278 te
1075 1225 1255 1292 palam
1291 1225 1656 1294 laudaveram,

474 1299 672 1359 Jussus
706 1299 857 1352 abire
893 1301 1114 1353 domum
1148 1300 1369 1353 ferebar
1402 1302 1613 1354 incerto
1648 1302 1789 1370 pede
1930 1320 1974 1356 2⁰

407 1375 502 1428 Ad
536 1392 642 1428 non
678 1377 879 1429 amicos
914 1375 1022 1429 heu
1056 1375 1190 1429 mihi
1228 1381 1413 1445 postes
1450 1382 1509 1430 et
1542 1378 1651 1431 heu

474 1450 687 1504 Limina
723 1451 875 1519 dura,
912 1451 1112 1520 quibus
1146 1452 1359 1505 lumbos
1396 1457 1454 1505 et
1489 1453 1685 1520 infregi
1720 1453 1879 1507 latuS.

404 1526 563 1580 Nunc
596 1527 881 1594 gloriantis
917 1528 1219 1596 quamlibet
1256 1529 1627 1581 mulierculam

476 1602 710 1656 Vincere
746 1603 972 1655 mollitie
1007 1619 1159 1655 amor
1196 1603 1402 1671 Lycisci
1437 1620 1525 1655 me
1562 1607 1733 1672 tenet,

407 1677 568 1731 Unde
603 1679 863 1746 expedire
898 1695 1005 1731 non
1041 1679 1335 1731 amicorum
1373 1683 1580 1747 queant
1927 1695 1972 1734 25

474 1753 674 1806 Libera
709 1754 929 1807 consilia
962 1770 1062 1806 nec
1097 1754 1457 1807 contumeliae
1490 1771 1709 1821 graves,-

403 1827 517 1881 Sed
552 1829 688 1881 alius
724 1829 886 1882 ardor
922 1834 1017 1883 aut
1051 1829 1266 1897 puellae
1301 1829 1566 1882 candidae

474 1906 592 1958 Aut
627 1906 818 1957 teretis
854 1906 1010 1973 pueri
1045 1905 1262 1972 longam
1298 1905 1615 1958 renodantis
1651 1922 1872 1959 comam.

403 2127 553 2192 QUID
587 2129 693 2182 tibi
729 2129 825 2194 viS‚
862 2128 1058 2182 mulier
1092 2130 1265 2197 nigris
1301 2129 1622 2197 dignissima
1656 2129 1872 2185 barris‘l

470 2205 700 2258 Munera
736 2206 870 2273 quid
904 2204 1037 2257 mihi
1073 2205 1272 2273 quidve
1309 2205 1538 2257 tabellas

400 2279 581 2333 Mittis
616 2297 716 2333 nec
752 2284 907 2332 firmo
935 2279 1126 2346 juveni
1162 2297 1339 2347 neque
1374 2281 1520 2332 naris
1555 2279 1789 2335 obesae?

468 2355 718 2423 Namque
756 2355 1000 2423 sagacius
1034 2372 1175 2413 unus
1212 2355 1421 2420 odoror,

400 2429 634 2497 Polypus
671 2447 740 2482 an
774 2431 956 2497 gravis
992 2430 1216 2482 hirsutis
1252 2430 1415 2482 cubet
1448 2429 1631 2483 hircus
1664 2431 1722 2483 in
1757 2431 1871 2498 alis,
1938 2447 1963 2485 ⁵

467 2506 641 2569 Quam
676 2508 823 2559 canis
857 2523 983 2559 acer
1018 2505 1113 2558 ubi
1147 2506 1318 2558 lateat
1354 2522 1458 2558 sus‚

398 2579 502 2642 Qui
539 2581 704 2632 sudor
738 2582 898 2634 vietis
935 2587 992 2634 ct
1026 2598 1190 2648 quam
1222 2580 1393 2633 nialus
1425 2579 1669 2648 undique
1699 2581 1960 2636 membris

465 2655 676 2708 Crescit
711 2657 862 2722 odor,
900 2673 1022 2709 cuin
1058 2672 1200 2724 pene
1236 2656 1411 2708 soluto
1527 2651 1546 2663 ⁹

397 2729 727 2784 Indomitam
763 2736 1020 2800 properat
1054 2731 1263 2784 rabiem
1300 2731 1524 2796 sedare3
1559 2747 1737 2799 neque
1772 2733 1850 2785 illi

460 2806 498 2858 J
501 2822 588 2859 am
625 2814 809 2860 manet
842 2806 1068 2859 humida
1101 2810 1255 2859 creta
1289 2807 1543 2875 colorque
1915 2825 1956 2863 ιο

391 2879 641 2934 Stercore
675 2882 891 2935 fucatus
926 2881 1194 2948 crocodili,
1224 2882 1454 2949 jamque
1490 2881 1735 2935 subando

459 2956 635 3009 Teuta
669 2957 868 3010 cubilia
903 2960 1162 3025 tectaque
1199 2959 1437 3024 rumpit!

391 3029 495 3083 Vel
531 3047 655 3084 mea
689 3048 812 3084 cum
849 3031 1026 3084 saevis
1059 3032 1235 3098 agitat
1269 3031 1492 3084 fastidia
1525 3030 1734 3085 verbis:

457 3106 682 3159 Inachia
715 3107 941 3175 langues
973 3106 1154 3160 minus
1189 3123 1252 3161 ac
1288 3123 1410 3172 me;
