2217 3559
880 111 1309 160 SATIRARUM
1343 112 1388 159 Ι.
1424 113 1475 160 2.
1934 110 2025 158 107

214 165 251 211 ὀ
320 191 605 257 Tabescat‚
645 206 829 257 neque
862 205 922 243 se
955 189 1150 257 majori
1184 190 1567 258 pauperiorum

321 266 541 319 Turbae
578 269 875 332 comparet,
908 263 1050 316 hunc
1085 268 1254 333 atque
1291 265 1435 317 hunc
1472 278 1729 331 superare
1762 261 1991 314 laboret.

320 341 417 394 Sic
450 340 731 393 festinanti
770 356 989 407 semper
1019 339 1341 408 locupletior
1372 339 1570 404 obstat,

319 417 420 484 Ut,
458 432 624 483 quum
662 414 972 467 carceribus
1004 415 1199 467 missos
1233 415 1379 484 rapit
1411 414 1617 481 ungula
1650 428 1854 476 curum,

321 491 510 544 Instat
547 491 703 557 cquis
738 490 931 558 auriga
963 505 1087 543 suos
1123 490 1478 556 vincentibuS,
1513 489 1664 542 illum
1955 502 2022 542 us

321 565 700 619 Praeteritum
735 569 986 618 temnens
1022 570 1297 619 extremos
1332 567 1476 619 inter
1511 571 1747 617 euntem.

321 640 471 694 Inde
506 640 571 693 fit
602 644 668 694 ut
701 656 824 693 raro
860 641 954 708 qui
990 657 1050 693 se
1083 641 1286 695 vixisse
1318 641 1537 694 beatum

320 716 503 782 Dicat,
541 718 600 768 et
636 719 827 769 exacto
863 720 1151 769 contentus
1185 721 1437 785 tempore
1469 717 1582 770 vita

321 790 506 844 Cedat
541 790 625 844 uti
663 790 886 843 conviva
921 795 1087 857 satur,
1125 792 1367 860 reperire
1402 807 1676 859 queamus,

318 866 360 917 J
364 883 456 918 am
492 867 625 918 satis
660 869 760 919 est.
830 866 882 917 N
887 882 918 918 e
953 882 1045 918 me
1079 866 1312 934 Crispini
1349 866 1543 919 scrinia
1578 864 1708 933 lippi
1956 879 2023 918 m

320 940 664 1009 Compilasse
696 943 872 1007 puteS,
910 940 1136 993 verbum
1171 957 1280 994 non
1313 940 1545 1010 amphus
1578 940 1795 993 addam.

1140 1081 1220 1135 II.

323 1166 765 1216 AMBUBAIARUM
802 1163 1040 1231 collegia,
1075 1164 1539 1233 pharmacopolae,

321 1238 584 1305 Mendici,
618 1239 832 1306 mimae,
867 1239 1191 1305 balatroneS,
1227 1240 1334 1294 hoe
1361 1258 1534 1308 genus
1569 1257 1729 1295 omne

321 1313 602 1366 Maesttun
638 1329 702 1367 ac
736 1314 1027 1368 sollicitum
1062 1320 1148 1369 est
1181 1318 1419 1370 cantoris
1451 1322 1628 1371 morte
1664 1317 1870 1384 Tigelli.

323 1387 545 1456 Quippe
578 1389 844 1456 benignus
878 1394 1013 1444 erat.
1085 1391 1291 1444 Contra
1324 1392 1428 1457 hic,
1463 1408 1533 1446 ne
1567 1394 1829 1461 prodigus
1865 1408 1988 1445 esso

326 1462 561 1516 Dicatur
594 1468 857 1532 metuenS,
892 1466 1039 1534 inopi
1075 1466 1209 1520 dare
1244 1467 1381 1520 nolit
1416 1467 1586 1521 amico
1995 1483 2022 1522 5

327 1538 531 1606 Frigus
560 1556 669 1608 quo
704 1540 1006 1609 duramque
1039 1542 1240 1596 famem
1273 1543 1576 1612 propellere
1610 1543 1799 1611 possit.

326 1613 492 1667 Hunc
527 1615 572 1667 si
604 1615 943 1682 perconteris
977 1619 1065 1670 avi
1100 1635 1198 1671 cur
1232 1623 1400 1686 atque
1434 1618 1675 1686 parentis

327 1688 667 1743 Praeclaram
703 1690 918 1758 ingrata
954 1694 1189 1761 stringat
1223 1694 1401 1747 malus
1432 1694 1668 1761 ingluvie
1703 1709 1837 1763 rem,

325 1763 522 1818 Omnia
556 1765 838 1819 conductis
872 1773 1122 1822 coemens
1157 1769 1380 1822 obsonia
1414 1770 1661 1835 nummis,

323 1839 592 1893 Sordidus
627 1845 797 1909 atque
827 1844 992 1897 animi
1028 1844 1177 1912 quod
1210 1845 1363 1913 parvi
1398 1845 1532 1897 nolit
1567 1845 1772 1912 haberi,
1981 1861 2025 1898 ιο

323 1914 661 1984 Respondet.
724 1916 1016 1978 ‚Laudatur
1046 1919 1116 1973 ab
1152 1920 1249 1987 his,
1287 1921 1539 1988 culpatur
1572 1919 1642 1973 ab
1677 1921 1802 1974 illis.

324 1989 573 2045 Fufidius
609 2009 814 2061 vappae
851 1993 1050 2048 famam
1086 1995 1249 2049 timet
1283 2012 1347 2049 ac
1380 1995 1676 2062 nebulonis,

321 2065 493 2120 Dives
527 2068 687 2134 agris,
724 2068 877 2122 dives
910 2071 1102 2139 positis
1137 2072 1195 2123 in
1230 2071 1414 2125 fenore
1449 2072 1683 2125 nummis
1702 2090 1720 2127 z

324 2141 534 2205 Quinas
565 2143 652 2196 hic
686 2144 852 2212 capiti
888 2146 1169 2200 mercedes
1203 2151 1426 2201 exsecat
1456 2151 1621 2215 atque

325 2216 543 2279 Quanto
573 2219 844 2286 perditior
877 2222 1107 2290 quisque
1145 2226 1232 2276 est
1266 2227 1423 2276 tanto
1458 2224 1636 2276 aerius
1671 2228 1863 2290 urget3
1979 2236 2025 2275 15

323 2292 560 2346 Nomina
595 2298 838 2348 sectatur
870 2297 1032 2349 modo
1067 2301 1287 2367 sumpta
1320 2302 1474 2352 veste
1508 2298 1649 2351 virili

322 2366 441 2420 Sub
473 2369 724 2437 patribus
760 2371 916 2424 duris
947 2373 1201 2426 tironum.
1272 2374 1525 2442 Maxime,
1562 2374 1688 2444 quis
1721 2391 1843 2442 non,

321 2442 614 2512 Juppiter!
655 2446 925 2499 exclamat
961 2448 1123 2500 simul
1158 2453 1325 2518 atque
1361 2450 1568 2504 audivit
1590 2455 1608 2505 ‘t
1682 2453 1763 2504 At
1798 2452 1853 2504 in
1891 2469 1952 2505 sc

324 2517 433 2571 Pro
469 2525 700 2589 quaestu
736 2526 1012 2590 sumptum
1045 2523 1178 2578 facit
1212 2525 1313 2578 hic.
1385 2525 1496 2578 Vix
1530 2526 1759 2580 credere
1793 2532 1965 2595 possis

324 2593 498 2656 Quam
525 2595 629 2648 sibi
663 2612 770 2649 non
807 2598 880 2650 sit
913 2599 1130 2665 amicus,
1167 2601 1245 2653 ita
1279 2605 1343 2654 ut
1375 2606 1535 2670 pater
1568 2602 1663 2656 ille
1696 2604 1916 2657 Terenti
1970 2622 2020 2659 20

326 2668 533 2723 Fabula
567 2686 732 2739 quem
766 2673 1025 2726 miserum
1059 2679 1226 2741 gnato
1259 2676 1460 2730 vixisse
1494 2678 1680 2743 fugato

327 2744 547 2798 Inducit
581 2761 688 2799 non
726 2763 788 2801 se
820 2748 979 2815 pejus
1013 2750 1337 2804 cruciaverit
1367 2758 1534 2820 atque
1570 2753 1669 2806 hic.

320 2820 379 2873 Si
414 2821 537 2890 quis
571 2838 606 2873 n
632 2839 713 2877 unc
748 2828 992 2892 quaerat,
1031 2824 1150 2888 Quo
1185 2843 1273 2880 res
1308 2828 1441 2880 haec
1474 2829 1759 2897 pertinet?
1792 2831 1953 2887 illuc:

319 2895 465 2949 Dum
501 2897 676 2952 vitant
713 2899 866 2953 stulti
901 2901 1034 2953 vitia
1068 2901 1127 2953 in
1162 2903 1429 2956 contraria
1464 2909 1707 2961 currunt.

319 2970 583 3025 Maltinus
616 2975 815 3027 tunicis
849 2975 1099 3028 demissis
1134 2977 1409 3042 ambulat3
1445 2982 1530 3031 est
1565 2981 1659 3048 qui
1970 3000 2017 3040 25

322 3046 535 3114 Inguen
569 3048 643 3101 ad
677 3049 1002 3102 obscoenum
1039 3051 1323 3104 subductis
1357 3069 1534 3121 usque
1564 3056 1808 3123 facetus3

322 3120 579 3177 Pastillos
613 3122 847 3178 Rufillus
879 3124 1008 3194 olet,
1044 3126 1347 3195 Gargonius
1380 3127 1608 3186 hircum.
