2217 3559
735 118 1165 168 SATIRARUM
1189 117 1234 169 Ι.
1262 121 1309 169 6.
1836 119 1922 166 121

176 197 312 264 Qui
353 201 546 268 stupet
579 199 637 252 in
672 200 849 253 titulis
886 205 943 254 et
977 200 1317 268 imaginibus.
1389 200 1535 265 Quid
1571 204 1790 269 oportet

178 275 324 328 Nos
363 275 548 328 facere
582 291 614 327 a
651 276 812 343 vulgo
848 275 1007 343 longe
1042 275 1312 343 longeque
1347 276 1618 328 remotos?

181 351 472 418 Namque
507 354 625 404 esto
661 351 890 420 populus
928 351 1163 405 Laevino
1199 351 1388 404 mallet
1422 351 1680 404 honorem

184 427 396 489 Quam
435 427 602 479 Decio
638 428 899 480 mandare
935 443 1088 493 nove,
1127 443 1426 495 censorque
1460 430 1703 482 moveret
1885 442 1930 479 ρο

189 502 438 570 Appius
472 502 708 569 ingenuo
744 503 790 555 si
827 519 933 555 non
968 520 1146 556 essem
1182 507 1342 571 patre
1376 507 1563 556 natus:

188 577 320 630 Vel
359 577 562 631 merito
598 579 854 645 quoniam
889 579 946 631 in
981 578 1203 646 propria
1237 595 1344 630 non
1379 578 1521 646 pelle
1557 578 1844 646 quiessem.

191 653 327 707 Sed
364 652 612 720 fulgente
647 653 819 706 trahit
854 654 1178 707 constrictos
1215 653 1402 707 Gloria
1438 670 1601 706 curru

195 729 342 781 Non
381 729 562 780 minus
596 728 811 796 ignotos
846 730 1141 796 generosis
1214 729 1333 792 Quo
1368 728 1487 795 tibi,
1522 729 1662 797 Tilli,

196 805 449 858 Sumere
485 804 798 873 depositum
835 805 1046 858 clavum
1083 805 1314 872 fierique
1349 804 1603 858 tribuno?
1882 819 1931 857 25

200 880 438 933 Invidia
472 881 707 935 accrevit
741 880 952 948 privato
988 897 1129 949 quae
1163 881 1343 933 minor
1377 884 1538 933 esset.

203 955 363 1009 Nam
398 960 466 1009 ut
500 959 730 1025 quisque
765 956 986 1010 insanus
1020 957 1191 1024 nigris
1225 955 1467 1009 medium
1503 956 1753 1023 impediit
1779 972 1904 1010 crus

205 1031 464 1085 Pellibus
500 1038 558 1085 ct
591 1033 763 1085 latum
800 1031 1022 1085 demisit
1056 1036 1281 1100 pectore
1316 1032 1541 1098 clavum,

208 1108 402 1161 Audit
425 1108 705 1162 continuo:
733 1108 900 1171 “Quis
923 1107 1084 1161 homo
1106 1107 1195 1161 hic
1220 1109 1339 1162 est?
1377 1124 1485 1175 quo
1509 1110 1668 1175 patre
1692 1107 1926 1161 natusl''

207 1182 295 1236 Ut
334 1183 383 1236 si
421 1184 515 1251 qui
550 1187 801 1251 aegrotet
835 1200 944 1251 quo
979 1183 1170 1236 morbo
1207 1184 1425 1250 Barrus,
1461 1183 1653 1237 haberi
1882 1198 1930 1237 ω

206 1259 297 1312 Ut
333 1261 519 1326 cupiat
553 1258 834 1325 formosuS‚
870 1262 962 1312 eat
997 1275 1319 1327 quacunque
1355 1259 1549 1327 puellis

209 1334 444 1401 Injiciat
478 1352 663 1388 curam
698 1334 998 1403 quaerendi
1034 1335 1262 1402 singula,
1298 1334 1446 1402 quali

210 1411 299 1464 Sit
336 1410 490 1477 facie,
526 1427 667 1476 sura,
705 1410 849 1478 quali
886 1411 1047 1478 pede,
1084 1411 1268 1477 dente,
1304 1410 1523 1478 capillo,

212 1485 307 1539 Sic
343 1487 438 1554 qui
472 1486 749 1555 promittit
782 1486 942 1553 civeS,
975 1486 1172 1540 urbem
1208 1486 1311 1539 sibi
1347 1502 1525 1548 curae,

214 1562 521 1629 Imperium
557 1562 671 1615 fore
706 1565 766 1614 et
803 1562 1037 1628 Italiam,
1074 1561 1307 1615 delubra
1340 1562 1581 1626 deorum,
1882 1576 1931 1616 3⁵

216 1637 340 1700 Quo
374 1642 533 1706 patre
568 1638 642 1691 sit
675 1641 851 1703 natuS,
888 1654 1020 1689 num
1054 1638 1244 1705 ignota
1277 1640 1454 1690 matre
1489 1637 1822 1705 inhonestuS,

215 1712 424 1767 Omnes
458 1714 718 1766 mortales
753 1729 944 1766 curare
981 1716 1038 1766 et
1074 1729 1343 1780 quaerere
1378 1713 1537 1780 cogit.

216 1789 415 1843 “'lune
450 1789 585 1856 Syri,
624 1789 846 1855 Damae,
882 1793 979 1842 aut
1016 1789 1239 1857 Dionysi
1274 1789 1432 1855 filius,
1470 1789 1641 1842 audes

216 1862 473 1933 Dejicere
508 1883 540 1918 e
575 1882 706 1918 saxo
741 1864 887 1918 cives
921 1869 1019 1918 aut
1054 1866 1278 1919 tradere
1315 1831 1601 1918 Oadnm‘P'

218 1941 346 1994 “At
381 1940 591 1994 Novius
627 1939 834 2006 collega
866 1941 1045 2009 gradu
1080 1945 1206 2009 post
1241 1957 1331 1994 me
1369 1941 1529 1994 sedet
1564 1957 1695 2006 uno;
1882 1958 1929 1995 ιο

222 2015 474 2085 Namque
493 2021 577 2069 est
596 2016 687 2068 illc
705 2021 864 2083 pater
879 2016 1027 2085 quod
1043 2024 1165 2070 erat
1181 2016 1378 2069 mcuS.''
1407 2016 1571 2069 “Hoc
1585 2017 1686 2069 tibi
1712 2017 1929 2070 Paullus

225 2092 301 2145 Et
336 2092 591 2146 Messalla
625 2092 864 2145 videris?
940 2095 1020 2145 At
1055 2092 1158 2159 hic,
1196 2092 1242 2144 si
1278 2091 1488 2160 plostra
1522 2093 1759 2145 ducenta

227 2168 671 2236 concurrantque
706 2169 823 2220 foro
858 2168 968 2221 tria
1001 2169 1207 2233 funera,
1246 2185 1444 2235 magna
1480 2167 1696 2222 sonabit

227 2244 440 2298 Cornua
475 2245 624 2314 quod
659 2245 949 2311 vincatque
983 2244 1179 2309 tubas;
1215 2245 1409 2298 saltem
1444 2247 1604 2298 tenet
1637 2244 1739 2297 hoc
1773 2244 1914 2297 nos.”

228 2322 383 2375 Nunc
416 2322 488 2374 ad
524 2337 611 2375 me
645 2320 815 2374 redeo
850 2319 1107 2373 libertino
1143 2325 1302 2388 patre
1339 2324 1546 2388 natum,
1883 2335 1930 2373 45

231 2397 399 2460 Quem
434 2397 640 2450 rodunt
677 2412 861 2449 omnes
896 2396 1151 2449 libertino
1185 2400 1345 2464 patre
1381 2401 1586 2462 natum,

233 2474 281 2524 N
286 2489 385 2526 unc
419 2474 551 2540 quia
585 2488 706 2525 sum
741 2471 858 2534 tibi,
895 2472 1199 2539 Maecenas,
1235 2472 1509 2525 convictor
1522 2492 1536 2537 ;
1570 2476 1629 2525 at
1664 2472 1793 2524 olim

235 2547 386 2610 Quod
420 2548 554 2600 mihi
590 2551 810 2614 pareret
845 2547 986 2614 legio
1025 2547 1271 2600 Romana
1306 2547 1540 2600 tribuno.

234 2624 501 2677 Dissimile
535 2624 637 2676 hoc
670 2622 751 2675 illi
787 2627 903 2686 est3
940 2622 1068 2689 quia
1102 2639 1211 2675 non
1247 2625 1311 2676 ut
1349 2622 1504 2676 forsit
1533 2623 1794 2676 honorem

235 2699 366 2754 Jure
400 2699 534 2752 mihi
569 2698 813 2751 invideat
848 2699 1025 2765 quivis
1059 2698 1140 2751 ita
1173 2702 1232 2751 te
1268 2715 1485 2766 quoque
1520 2699 1770 2764 amicum,
1886 2713 1934 2753 50

239 2774 560 2829 Praesertim
595 2780 817 2828 cautum
853 2774 1045 2841 dignos
1079 2791 1371 2834 assumere,
1406 2791 1576 2842 prava

240 2850 544 2904 Ambitione
578 2850 779 2919 procul.
851 2850 1089 2902 Felicem
1128 2850 1309 2903 dicere
1345 2867 1451 2902 non
1487 2850 1589 2904 hoc

241 2925 328 2979 Me
358 2941 576 2994 possum
612 2941 741 2977 casu
777 2924 926 2992 quod
960 2928 1020 2978 te
1057 2925 1285 2978 sortitus
1322 2926 1589 2990 amicum3

244 3000 395 3055 Nulla
428 3002 632 3054 etenim
670 3000 803 3052 mihi
840 3004 897 3053 te
932 3000 1045 3053 fors
1081 3001 1309 3054 obtulit:
1346 3001 1585 3068 optimus
1621 2999 1749 3053 olim

243 3074 506 3143 Virgilius,
540 3080 667 3145 post
701 3075 848 3128 hunc
886 3076 1087 3128 Varius
1126 3075 1319 3130 dixere
1356 3076 1491 3143 quid
1533 3091 1726 3129 essem.
1887 3090 1936 3131 55

244 3150 318 3204 Ut
348 3153 467 3206 veni
501 3168 682 3206 coram
719 3149 995 3218 singultim
1031 3167 1207 3218 pauca
1240 3151 1466 3217 locutus,
1519 3194 1526 3203 ,
