2217 3559
844 114 1269 171 CARMINUM
1294 119 1391 166 LV.
1431 120 1475 166 3.

604 199 777 252 Grata
811 198 1086 265 carpentis
1123 197 1311 264 thyma
1344 213 1444 264 per
1477 195 1721 249 laborem

605 272 908 326 Plurimum
946 272 1091 325 circa
1124 288 1317 325 nemus
1353 271 1615 339 uvidique

605 347 822 401 Tiburis
857 348 1006 415 ripas
1043 363 1272 416 operosa
1306 364 1506 416 parvus
1591 418 1592 421 Ἴ

675 423 928 476 Carmina
962 423 1124 491 fingO.

604 498 867 552 Concines
902 499 1109 566 majore
1145 501 1310 567 poeta
1343 498 1555 567 plectro

606 573 894 627 Caesarem
931 575 1261 642 quandoque
1297 574 1485 627 trahet
1519 574 1724 626 feroces

606 648 716 703 Per
749 665 960 701 sacrum
996 650 1194 701 clivum
1231 649 1433 702 merita
1468 648 1698 702 decorus

675 723 894 776 Fronde
933 724 1264 791 SigambrOS,

606 799 725 864 Quo
761 799 897 851 nihil
931 799 1113 867 majus
1148 801 1410 853 meliusve
1446 799 1613 853 terris

607 875 746 928 Fata
781 875 1052 928 donavere
1088 875 1328 944 bonique
1365 876 1495 943 divi,

607 950 658 1004 N
662 968 723 1003 ec
759 950 970 1003 dabunt
1005 952 1252 1019 quamvis
1286 950 1518 1005 redeant
1551 950 1609 1003 in
1638 966 1828 1003 aui-mn

676 1027 944 1095 Tempora
977 1027 1232 1095 priscum.

608 1102 872 1156 Concines
906 1102 1188 1171 laetosque
1225 1103 1346 1156 dics
1381 1107 1439 1157 et
1475 1103 1647 1157 Urbis

609 1177 895 1231 Publicum
929 1178 1119 1231 ludum
1159 1196 1323 1246 super
1356 1181 1651 1248 impetrato

609 1253 791 1307 Fortis
829 1255 1070 1321 Augusti
1106 1255 1293 1308 reditu
1326 1255 1614 1324 forumque

600 1328 605 1338 ‘
677 1329 896 1382 Litibus
931 1330 1140 1382 orbum.

608 1404 744 1457 Tum
780 1421 933 1456 meae
969 1405 1015 1456 si
1053 1404 1188 1471 quid
1223 1405 1416 1472 loquar
1451 1406 1784 1459 audiendum

607 1479 771 1533 Vocis
805 1480 1032 1533 accedet
1065 1480 1209 1533 bona
1243 1498 1371 1550 pars
1406 1486 1477 1549 et,
1516 1482 1563 1534 O
1602 1481 1693 1535 Sol

610 1554 874 1608 Pulcher!
926 1572 957 1607 o
992 1554 1300 1610 laudande!
1346 1573 1550 1622 canam,
1586 1560 1810 1625 recepto

676 1632 910 1685 Caesare
944 1631 1089 1684 felix,

609 1706 793 1775 Teque
831 1707 964 1759 dum
998 1705 1265 1774 procedis,
1301 1707 1355 1760 io
1392 1706 1720 1774 Triumphe!

607 1781 660 1833 N
665 1798 734 1834 on
769 1783 938 1835 semel
974 1783 1232 1851 dicemuS,
1269 1783 1321 1835 io
1358 1783 1687 1850 Triumpho!

609 1856 814 1910 Civitas
851 1859 1026 1910 omnis
1064 1857 1424 1927 dabimusque
1461 1858 1602 1912 divis

678 1933 860 1986 Thura
896 1933 1159 2001 benignis,

609 2008 685 2062 Te
723 2009 914 2063 decem
949 2009 1095 2063 tauri
1133 2009 1476 2078 totidemque
1511 2027 1720 2080 vaccae,

608 2084 705 2138 Me
739 2089 898 2138 tener
934 2085 1108 2138 solvet
1143 2085 1347 2138 vitulus
1382 2086 1577 2138 relicta

609 2159 792 2215 Matre
829 2161 923 2230 qui
958 2160 1125 2228 largis
1151 2159 1462 2229 juvenescit
1496 2161 1684 2215 herbis

682 2237 750 2289 In
785 2254 909 2290 mea
943 2241 1086 2305 vota,

609 2310 814 2365 Fronte
848 2316 1101 2365 curvatos
1136 2311 1384 2367 imitatus
1419 2313 1576 2380 ignes

609 2386 852 2440 Tertium
887 2387 1048 2440 lunae
1082 2388 1372 2442 referentis
1408 2394 1618 2459 ortum,

610 2461 729 2526 Qua
762 2466 949 2515 notam
985 2463 1147 2516 duxit
1180 2464 1369 2516 niveus
1403 2463 1579 2516 videri

668 2538 875 2591 ⁴Cetera
907 2537 1104 2592 fulvus.

1135 2679 1248 2734 111.

605 2760 775 2826 QUEM
810 2763 890 2830 tU,
927 2759 1282 2831 Melpomene,
1318 2760 1488 2817 semel

676 2838 728 2889 N
731 2840 1010 2891 ascentem
1044 2838 1258 2906 placido
1294 2837 1500 2892 lumine
1534 2838 1753 2907 videriS,

607 2910 771 2965 Illum
805 2929 915 2965 non
950 2912 1103 2965 labor
1141 2913 1407 2967 Isthmius

674 2987 919 3041 Clarabit
952 2988 1209 3056 pugilem,
1244 3003 1351 3040 non
1388 3004 1562 3056 equus
1596 2989 1831 3058 impiger

603 3060 785 3116 Curru
817 3064 983 3117 ducet
1021 3063 1261 3116 Achaico

675 3137 974 3204 Victorem,
1012 3154 1193 3205 neque
1228 3142 1318 3191 res
1352 3137 1549 3192 bellica
1586 3140 1760 3192 Deliis

1973 113 2026 159 71

1990 283 2036 327 33

1994 663 2038 701 33

1992 1418 2040 1458 45

1993 2568 2024 2604 6(
