2217 3559
249 136 277 180 S
800 125 853 173 H
858 124 1109 173 ORATII
1146 125 1235 172 FL
1243 124 1404 173 ACCI

528 207 579 260 N
584 223 688 259 une
724 209 781 259 et
816 206 1040 259 latentis
1075 206 1326 274 proditor
1360 205 1556 259 intimo

526 283 730 338 Gratus
764 282 976 350 puellae
1012 282 1155 334 risus
1190 282 1265 335 ab
1295 282 1505 348 ang-ule,

595 358 907 425 Pignusque
944 358 1234 426 dereptum
1268 357 1488 410 lacertis

666 435 785 486 Aut
820 433 995 501 digito
1031 434 1174 486 male
1209 432 1489 502 pertinaci.

1071 574 1138 627 X.

528 658 585 711 M
595 675 800 710 uncum
836 657 1068 709 facunde
1103 673 1274 725 nepos
1311 657 1567 722 Atlantia

529 733 635 796 Qui
671 733 814 786 feros
850 733 1030 786 cultus
1065 732 1345 785 hominum
1381 740 1660 789 recentum

529 808 679 861 Voce
712 809 957 861 formasti
994 812 1148 862 catus
1185 813 1242 862 et
1278 809 1507 863 decorae

598 884 753 937 More
788 884 1107 952 palaestrae,

530 956 605 1012 Te
636 976 823 1013 canam
860 961 1039 1028 magni
1076 960 1114 1012 J
1118 960 1232 1013 ovis
1267 964 1324 1014 et
1360 959 1585 1014 deorum
1946 971 1974 1009 5

530 1035 797 1089 Nuntium
834 1052 1140 1105 curvaeque
1174 1036 1323 1104 lyrae
1358 1041 1651 1105 parentem,

532 1111 802 1166 Callidum
839 1112 1111 1181 quidquid
1146 1112 1349 1181 placuit
1375 1112 1564 1181 jocoso

599 1187 845 1241 Condere
882 1189 1041 1241 furto.

531 1262 607 1317 Te
643 1263 808 1317 boves
844 1263 974 1317 olim
1009 1265 1115 1316 nisi
1152 1264 1489 1318 reddidisses

529 1338 639 1391 Pei·
673 1338 857 1392 dolum
892 1344 1101 1393 amotas
1138 1357 1367 1408 puerum
1401 1340 1597 1394 minaci
1922 1356 1971 1395 ιο

529 1414 679 1468 Voce
714 1415 846 1468 dum
880 1418 1068 1482 terret,
1106 1415 1303 1469 viduus
1338 1416 1596 1484 pharetra

600 1490 745 1544 Risit
782 1491 992 1559 Apollo,
1046 1545 1059 1556 ,

531 1565 671 1630 Quin
708 1571 766 1621 et
803 1567 1032 1621 Atridas
1068 1568 1207 1621 duce
1242 1570 1302 1621 te
1337 1566 1602 1638 superbos

532 1642 635 1695 Ilio
671 1642 825 1696 dives
862 1643 1113 1697 Priamus
1149 1643 1338 1698 relicto

532 1717 924 1787 Thessalosque
957 1720 1114 1787 ignes
1151 1724 1208 1773 et
1242 1720 1430 1788 iniqua
1466 1719 1659 1787 Trojae
1926 1734 1974 1775 15

601 1795 796 1848 Castra
829 1795 1034 1848 fefellit.
1417 1795 1420 1798 ’

533 1869 613 1922 Tu
648 1870 766 1937 pias
799 1870 959 1923 laetis
995 1871 1202 1924 animas
1237 1871 1456 1941 reponis

534 1944 769 1998 Sedibus
806 1946 1068 2015 virgaque
1102 1946 1280 2001 levem
1316 1951 1532 2000 coerces

536 2022 722 2074 Aurea
757 2022 989 2089 turbam,
1027 2023 1239 2091 superis
1275 2023 1500 2077 deorum

603 2097 805 2150 Gratus
839 2103 898 2152 et
932 2098 1069 2151 imis,
1920 2115 1973 2155 πο

259 2323 342 2374 TU
377 2338 447 2374 nc
484 2322 797 2390 quaesieri8‚
836 2324 975 2378 scire
1009 2326 1176 2389 nefa3‚
1216 2342 1375 2393 quem
1413 2325 1562 2392 mihi,
1600 2341 1763 2393 quem
1800 2325 1903 2377 tibi

260 2397 452 2450 Finem
489 2397 546 2449 di
583 2398 852 2467 dederint,
892 2399 1191 2468 Leuconoe,
1229 2418 1328 2454 nco
1366 2400 1690 2468 Babylonios

261 2472 509 2526 Tentaris
544 2491 811 2528 numeros,
883 2477 964 2530 Ut
998 2477 1193 2529 melius
1229 2476 1500 2545 quidquid
1536 2476 1644 2530 erit
1678 2476 1808 2545 pati,

261 2546 370 2602 Seu
404 2548 587 2617 plures
622 2550 827 2603 hiemes
865 2567 960 2604 seu
994 2551 1190 2605 tribuit
1226 2552 1487 2621 Juppiter
1521 2552 1781 2615 ultimam,

262 2621 412 2688 Quae
446 2640 589 2677 nune
624 2626 885 2693 oppositis
922 2626 1175 2680 debilitat
1209 2627 1515 2695 pumicibus
1550 2644 1700 2680 mare
1946 2642 1970 2679 5

260 2698 612 2767 Tyrrhenum.
685 2701 890 2771 SapiaS‚
927 2703 1050 2755 vina
1087 2703 1277 2771 liqueS‚
1316 2707 1374 2756 et
1411 2703 1586 2770 spatio
1622 2702 1772 2755 brevi

263 2774 429 2843 Spem
465 2775 676 2843 longam
715 2793 942 2832 reseces.
1014 2779 1160 2831 Dum
1197 2779 1468 2849 loquimur
1503 2778 1711 2846 fugerit
1743 2777 1930 2831 invida

266 2852 468 2906 Aetas:
504 2868 665 2921 carpe
703 2852 851 2907 diem
889 2871 1050 2923 quam
1087 2854 1370 2908 minimum
1406 2853 1628 2907 credula
1662 2856 1897 2921 postem.

1047 2998 1184 3050 XII.

474 3077 641 3140 Qum
676 3078 851 3130 virum
887 3083 983 3131 aut
1017 3079 1186 3131 heroa
1219 3079 1334 3146 lyra
1367 3077 1455 3133 vel
1489 3077 1601 3132 acri

473 3152 629 3205 Tibia
664 3153 832 3205 sumis
866 3154 1161 3219 celebrare,
1199 3154 1328 3218 Clio,
