2217 3559
6 242 137 285 s&

2 1642 95 1827 *v

810 112 1124 161 SATIRAR
1134 109 1241 159 ΟΜ
1275 110 1316 158 1.
1360 112 1402 157 5.
1866 113 1954 162 119

250 192 301 246 Ο
339 193 435 261 qui
470 192 783 261 complexus
819 200 876 246 ct
910 191 1113 260 gaudia
1147 192 1352 259 quanta
1385 189 1641 246 fuerunt!

245 268 346 320 Nil
385 284 488 334 ego
524 266 846 321 contulerim
873 267 1122 335 jucundo
1159 282 1321 320 sanus
1357 265 1546 318 amice.

248 340 512 396 Proxima
547 343 823 412 Campano
859 343 1012 412 ponti
1050 359 1190 411 quae
1226 340 1425 407 villula,
1461 343 1669 394 tectum
1909 350 1954 389 45

248 417 551 485 Pmebuitf
571 422 629 472 et
663 418 883 487 parochi
919 435 1058 486 quae
1093 416 1300 471 debent
1334 415 1483 484 ligna
1518 416 1810 486 salemque.

248 492 404 546 Hinc
437 494 570 547 muli
606 494 826 563 Capuae
861 494 1093 548 clitellas
1129 498 1376 561 tempore
1410 496 1639 561 ponunt.

253 569 462 622 Lusum
496 570 544 623 it
578 570 882 637 Maecena8‚
920 570 1217 622 dormitum
1253 586 1355 636 ego
1392 567 1792 636 Virgiliusqtie3

248 644 509 714 Namque
543 646 653 714 pila
685 646 847 715 lippis
881 645 1159 699 inimicum
1195 650 1253 698 et
1287 645 1479 698 ludere
1515 644 1714 700 crudis,

250 721 403 774 Hinc
438 738 537 774 nos
573 721 785 775 Cocceii
819 722 1015 790 recipit
1049 718 1361 789 plenissima
1394 720 1522 774 villa
1917 738 1961 778 50

250 796 410 860 Quae
448 813 611 865 super
645 800 733 851 est
771 798 946 852 Caudi
982 812 1269 867 cauponas,
1339 796 1392 849 N
1396 813 1501 849 unc
1536 795 1669 848 mihi
1704 797 1890 866 paucis

250 872 531 925 Sarmenti
568 890 787 928 scurrae
821 889 1055 941 pugnam
1097 872 1377 941 Messique
1415 871 1662 940 Cicirrhi,

254 949 434 1015 Musa,
470 949 633 1002 velim
667 966 952 1014 memoreS‚
989 954 1047 1003 et
1083 965 1192 1016 quo
1226 952 1385 1016 patre
1420 952 1583 1001 natus
1620 951 1854 1017 uterque

251 1024 566 1077 Contulerit
599 1025 740 1080 lites.
810 1023 978 1078 Messi
1013 1025 1217 1077 clarum
1251 1040 1424 1091 genus
1460 1023 1616 1089 Osci;

252 1100 530 1153 Sarmenti
568 1100 787 1154 domina
820 1104 1031 1154 exstat:
1065 1100 1137 1153 ab
1172 1100 1255 1152 his
1289 1099 1586 1167 majoribus
1623 1101 1729 1154 orti
1919 1119 1954 1152 42

253 1175 354 1228 Ad
387 1191 625 1243 pugnam
659 1192 871 1229 venere.
942 1175 1099 1228 Prior
1136 1175 1484 1229 Sarmentus:
1522 1176 1704 1244 “Equi
1738 1181 1799 1231 te

251 1250 395 1303 Esse
429 1251 532 1304 feri
568 1252 797 1305 similem
833 1249 997 1304 dico?
1069 1250 1334 1304 Ridemus
1369 1254 1427 1305 et
1460 1250 1578 1319 ipse

253 1326 497 1380 Messius
532 1329 563 1356 “
581 1327 850 1395 Accipio,”
889 1330 1049 1395 caput
1084 1330 1144 1381 et
1177 1330 1371 1380 movet.
1443 1328 1473 1354 ‘⁴
1491 1326 1555 1394 O,
1590 1330 1688 1381 tua
1720 1343 1889 1382 cornu

253 1402 334 1455 Ni
368 1402 512 1456 foret
546 1408 765 1456 exsecto
801 1403 990 1469 fronS,’'
1025 1402 1219 1471 inquit,
1255 1402 1427 1471 “quid
1461 1403 1682 1470 facereS,
1719 1419 1843 1459 cum

251 1478 349 1531 Sic
382 1479 605 1532 muti'us
640 1479 908 1531 miniteris
925 1478 973 1532 ‘l'’
1050 1479 1131 1531 At
1163 1478 1243 1531 illi
1279 1478 1440 1531 foeda
1477 1479 1696 1533 cicatrix
1917 1497 1959 1534 δυ

252 1554 506 1608 Setosam
540 1555 678 1607 laevi
712 1555 948 1607 frontem
981 1558 1301 1642 turpaverat
1335 1555 1457 1608 oris,

253 1629 592 1698 Campanum
628 1629 684 1682 in
719 1630 986 1698 morbum,
1019 1630 1077 1683 in
1112 1630 1305 1684 faciem
1341 1630 1615 1698 permulta
1639 1630 1869 1699 jocatuS,

255 1706 547 1759 Pastorem
583 1706 812 1760 saltaret
846 1707 930 1759 uti
949 1706 1204 1794 Cyclopa
1236 1706 1497 1773 rogabat·

254 1781 355 1834 Nil
390 1781 468 1834 illi
502 1782 652 1834 larva
688 1786 784 1835 aut
819 1781 1044 1850 tragicis
1079 1798 1217 1850 opus
1251 1798 1372 1835 esse
1408 1782 1699 1837 cothurnis

252 1857 439 1910 Multa
473 1856 750 1911 eicirrhus
786 1859 857 1911 ad
893 1858 1059 1912 haec·
1047 1901 1060 1913 .
1096 1857 1369 1912 Donasset
1396 1857 1584 1925 jamne
1619 1862 1867 1913 catenam
1909 1877 1955 1915 65

252 1933 344 1986 Ex
378 1937 505 1986 voto
542 1932 787 2000 Laribus,
824 1932 1155 2001 quaerebat3
1190 1933 1368 1986 scriba
1403 1934 1552 2002 quod
1591 1941 1754 1999 esset,

252 2007 443 2062 Nihilo
478 2008 724 2063 deterius
760 2009 1010 2062 dominae
1038 2008 1135 2075 jus
1169 2024 1303 2063 esse.
1374 2008 1624 2076 Rogabat

255 2085 508 2154 Denique
544 2102 640 2138 cur
674 2101 914 2153 unquam
948 2085 1195 2151 fugisset,
1229 2084 1317 2137 cui
1352 2085 1486 2138 satis
1520 2102 1629 2139 una

251 2160 442 2215 Farris
476 2161 616 2214 libra
650 2160 794 2213 foret
831 2160 1021 2228 gracili
1056 2160 1134 2212 sic
1167 2164 1390 2228 tamque
1425 2160 1634 2228 pusillo.

253 2237 488 2290 Prorsus
517 2236 762 2303 jucunde
798 2251 1021 2289 coenam
1056 2235 1413 2304 produximus
1448 2236 1611 2289 illam.
1898 2251 1945 2289 70

249 2311 554 2366 Tendimus
588 2312 716 2366 hinc
751 2316 905 2365 recta
942 2312 1334 2377 Beneventum,
1371 2310 1467 2363 ubi
1504 2311 1725 2364 sedulus
1760 2313 1955 2382 hospes

254 2390 437 2444 Paene
469 2405 677 2442 macros
712 2388 849 2441 arsit
884 2388 1015 2440 dum
1051 2387 1245 2439 turdos
1279 2391 1463 2439 versat
1496 2387 1553 2439 in
1588 2388 1733 2454 igni:

251 2465 399 2518 Nam
433 2481 571 2532 vaga
605 2480 705 2532 per
738 2469 983 2517 veterem
1019 2462 1228 2530 dilapso
1264 2462 1481 2515 flamma
1516 2463 1748 2516 culinam

250 2541 502 2602 Vulcano
537 2556 803 2593 summum
842 2538 1172 2607 properabat
1206 2538 1448 2591 lambere
1483 2543 1703 2594 tectum.

249 2616 520 2670 Convivas
554 2615 742 2668 avidos
774 2631 997 2667 coenam
1032 2630 1324 2682 servosque
1359 2614 1621 2668 timentes
1911 2630 1955 2668 75

250 2691 391 2744 Tum
426 2707 638 2759 rapere,
672 2695 840 2759 atque
874 2707 1059 2743 onmes
1094 2691 1436 2758 restinguere
1471 2689 1611 2742 velle
1646 2689 1871 2744 videres

257 2767 458 2836 Incipit
494 2783 564 2819 ex
597 2766 692 2819 illo
727 2772 939 2819 montes
982 2767 1183 2835 Apulia
1217 2771 1375 2819 notos

251 2844 550 2897 Ostentare
584 2841 734 2908 mihi,
772 2858 908 2910 quos
942 2847 1119 2896 torret
1162 2841 1431 2895 Atabulus
1468 2844 1527 2896 et
1561 2857 1696 2910 quos

252 2920 551 2989 Nunquam
586 2935 901 2986 erepsemus
936 2919 1040 2971 nisi
1075 2934 1174 2971 nos
1209 2918 1384 2971 vicina
1417 2917 1611 2970 Trivici

259 2995 400 3048 Villa
433 2994 745 3063 recepisset,
781 2994 1061 3047 lacrimoso
1096 3011 1205 3046 non
1241 2994 1355 3046 sine
1390 2993 1554 3061 sume,
1918 3001 1962 3039 8⁰

250 3071 408 3124 Udos
444 3087 568 3124 cum
604 3071 746 3123 foliis
781 3087 960 3123 ramos
993 3076 1187 3123 urente
1222 3071 1448 3125 camino·

249 3147 364 3204 Hic
399 3162 503 3218 ego
537 3146 857 3201 mendacem
893 3145 1246 3201 stultissimus
1280 3162 1454 3217 usque
1489 3144 1728 3215 puellam
