2217 3559
271 116 361 164 182
818 115 1129 164 HORATTI
1166 116 1426 165 FLACCI

268 195 525 250 Militiam
562 212 704 264 puer
740 201 798 249 et
839 195 1165 249 Cantabrica
1202 195 1346 249 bella
1384 195 1561 250 tulisti
1910 207 1959 249 55

268 271 383 325 snb
421 271 562 325 duce
598 270 693 340 qui
732 271 954 338 templis
994 270 1323 324 Parthorum
1362 272 1516 339 signa
1554 271 1722 339 refigit

268 348 319 399 N
325 364 441 411 unc,
478 351 536 400 et
578 348 623 400 si
661 346 794 415 quid
831 347 988 399 abest
1023 347 1181 399 Italis
1217 347 1502 414 adjudicat
1538 349 1708 401 armis.

271 426 373 490 Ac,
416 440 487 477 ne
527 427 586 477 te
623 422 874 476 retrahas
913 426 971 475 et
1013 423 1398 476 inexcusabilis
1436 423 1599 490 absis,

271 498 532 561 Quamvis
574 499 651 550 nil
691 502 848 551 extra
890 515 1179 551 numerum
1218 499 1409 551 fecisse
1442 499 1757 568 modumque

272 574 458 641 Cui-as,
501 574 785 627 interdum
819 574 1043 641 nugaris
1085 590 1215 626 rure
1253 578 1516 643 patern03
1917 594 1962 632 eo

271 647 520 703 Partitur
554 650 747 703 lintres
788 650 1092 711 exercitus;
1132 649 1298 702 Actia
1341 666 1528 717 pugna

269 724 348 778 Te
387 726 525 778 duce
560 743 662 794 per
694 741 893 794 pueros
928 724 1113 778 hostili
1156 741 1307 777 more
1343 726 1612 791 refertum

274 800 641 854 Adversarius
677 804 761 854 est
796 801 984 867 frater,
1019 800 1170 853 lacus
1212 800 1438 864 Hadria,
1481 801 1657 855 donec

277 877 626 929 Alterutrum
660 876 816 929 velox
858 876 1107 929 Victoria
1143 875 1340 928 fronde
1379 880 1619 930 coronet.

280 951 606 1004 Consentire
644 952 756 1004 suis
796 951 994 1004 studiis
1034 950 1127 1018 qui
1165 951 1466 1004 crediderit
1501 955 1576 1017 te,
1914 974 1957 1008 σε

276 1025 483 1079 Fautor
519 1031 756 1094 utroque
792 1030 948 1079 tuum
986 1025 1236 1078 laudabit
1269 1026 1462 1094 pollice
1502 1027 1707 1082 ludum.

278 1100 534 1154 Protinus
568 1106 634 1156 ut
670 1119 933 1169 moneam,
973 1102 1019 1155 si
1054 1101 1190 1168 quid
1227 1101 1511 1156 monitoris
1550 1120 1678 1171 eges
1712 1108 1769 1156 tu

281 1177 425 1240 Quid
462 1178 533 1230 de
569 1194 785 1246 quoque
819 1178 937 1230 viro
973 1181 1032 1231 et
1065 1178 1153 1230 cui
1189 1178 1338 1231 dicas
1374 1195 1539 1247 saepe
1572 1180 1767 1232 videto,

281 1252 722 1306 Percontatorem
756 1253 945 1320 fugitO,
982 1270 1107 1306 nam
1144 1253 1395 1319 garrulus
1430 1254 1578 1307 idem
1616 1258 1715 1323 cst,

281 1328 329 1379 N
337 1344 399 1381 ec
431 1329 670 1382 retinent
704 1329 923 1397 patulae
961 1330 1246 1381 commissa
1283 1329 1522 1382 fideliter
1556 1347 1729 1399 aures,
1921 1343 1966 1384 70

284 1404 355 1456 Et
389 1405 555 1457 semel
593 1404 849 1457 emissum
885 1405 1031 1456 volat
1067 1404 1421 1457 irrevocabile
1456 1406 1699 1459 verbum.

285 1480 406 1532 Non
440 1480 634 1533 ancilla
669 1484 824 1533 tuum
851 1479 1012 1547 jecur
1048 1480 1257 1533 ulceret
1293 1481 1403 1533 ulla
1435 1497 1641 1548 puerve

287 1557 440 1609 Intra
472 1573 835 1609 marmoreum
871 1555 1166 1608 venerandi
1203 1555 1370 1608 limen
1404 1557 1581 1624 amici,

285 1632 371 1684 Ne
406 1632 656 1685 dominus
689 1631 845 1698 pueri
880 1630 1092 1698 pulchri
1128 1647 1352 1684 caraeve
1386 1632 1601 1699 puellae

286 1709 513 1760 Munere
548 1711 605 1760 te
641 1723 808 1775 parvo
842 1706 971 1759 beet
1007 1709 1104 1759 aut
1138 1707 1511 1760 incommodus
1546 1712 1726 1775 angat.
1930 1721 1969 1759 '15

287 1783 509 1846 Qualem
535 1782 882 1835 commendes
907 1781 1073 1834 etiam
1099 1786 1267 1850 atque
1291 1783 1456 1835 etiam
1481 1783 1719 1851 adspice,
1744 1800 1812 1836 ne
1836 1798 1950 1835 mox

289 1858 562 1911 lucutiant
597 1858 772 1910 aliena
805 1856 908 1909 tibi
942 1861 1168 1923 peccata
1202 1857 1480 1925 pudorem.

289 1933 547 1986 Fallimur
582 1938 640 1986 et
675 1932 949 2000 quondam
985 1949 1091 1984 non
1129 1932 1354 1999 dignum
1389 1932 1685 1986 tradimus:
1720 1950 1847 2001 ergo

288 2010 460 2073 Quem
495 2025 593 2061 sua
627 2009 785 2075 culpa
817 2012 1035 2075 premet
1070 2008 1332 2076 deceptus
1367 2009 1560 2062 omitte
1595 2010 1758 2073 tueri,

286 2086 368 2138 Ut
400 2084 618 2153 penitus
654 2087 859 2150 notum,
896 2084 940 2135 si
976 2086 1195 2136 tentent
1228 2084 1468 2149 crimina,
1506 2101 1692 2139 serves
1932 2106 1975 2144 ao

286 2160 613 2227 'faterisque
647 2163 744 2211 tuo
780 2158 1041 2211 fidentem
1074 2158 1378 2225 praesidio;
1414 2160 1506 2227 qui

289 2237 467 2289 Dente
503 2234 779 2287 Theonino
814 2250 938 2287 cum
973 2233 1403 2301 circumroditnr,
1441 2235 1640 2303 ecquid

289 2312 381 2367 Ad
416 2315 474 2365 te
510 2316 634 2379 post
668 2310 830 2378 paulo
866 2314 1097 2363 ventura
1132 2311 1375 2378 pericula
1411 2311 1612 2364 sentis?

285 2390 429 2442 Nam
466 2391 563 2441 tua
598 2403 687 2439 res
723 2387 904 2453 agitur
938 2386 1119 2457 paries
1155 2402 1280 2438 cum
1316 2373 1597 2454 proitimus
1632 2386 1809 2453 ardet,

287 2464 361 2518 Et
395 2463 644 2531 neglecta
679 2463 856 2514 solent
890 2460 1144 2514 incendia
1182 2478 1398 2514 sumere
1435 2462 1591 2514 vireS.
1939 2482 1976 2520 35

288 2539 476 2593 Dulcis
511 2538 810 2606 inexpertis
846 2537 1060 2589 cultura
1094 2537 1340 2604 potentis
1376 2537 1561 2589 amici:

289 2616 562 2684 Expertus
599 2614 810 2667 metuit.
882 2613 963 2665 Tu
999 2612 1133 2664 dum
1168 2616 1266 2664 tua
1301 2612 1454 2665 navis
1491 2613 1547 2665 in
1583 2612 1695 2665 alto
1731 2618 1817 2668 est

292 2692 411 2743 Hoc
445 2708 561 2758 age,
598 2706 667 2749 ne
702 2692 914 2741 mutata
947 2691 1250 2744 retrorsum
1286 2691 1345 2739 te
1379 2687 1523 2740 ferat
1559 2704 1704 2741 aura.

289 2767 540 2819 Oderunt
575 2765 801 2817 hilarem
838 2764 1027 2817 tristes
1062 2762 1390 2830 tristemque
1418 2762 1609 2829 jocosi,

289 2831 550 2895 Sedatum
586 2840 800 2904 celeres,
836 2838 1033 2906 agilem
1069 2855 1381 2906 navumque
1418 2838 1661 2902 remissi3
1949 2847 1983 2883 w

290 2918 516 2970 Potores
552 2915 725 2968 bibuli
760 2914 942 2967 media
977 2913 1048 2964 de
1083 2918 1243 2965 nocte
1282 2913 1498 2966 Falerni

290 2992 542 3045 Oderunt
577 2991 827 3057 porrecta
861 2993 1155 3055 negantem
1190 2989 1398 3056 pocula,
1434 2988 1680 3057 quamvis

292 3061 342 3118 N
345 3069 597 3118 octurnos
625 3063 784 3132 jures
819 3066 878 3115 te
912 3062 1209 3117 formidare
1245 3079 1487 3130 vapores.

297 3136 463 3193 Deme
500 3137 785 3205 supercilio
820 3135 1023 3188 nubem
1039 3156 1052 3199 ;
1088 3136 1411 3204 plerumque
1446 3139 1725 3191 modestus

2155 1957 2161 2046 *-
2105 1355 2161 1928 *dm—...fid
