2217 3559
269 140 334 185 40

808 134 1118 183 HORATII
1154 136 1415 184 FLACCI

536 215 840 282 Pauperem
888 214 1167 268 laboribus

603 290 843 344 Vocatus
883 296 1051 359 atque
1092 308 1200 344 non
1238 295 1464 346 vocatus
1498 292 1669 349 audit.

1033 431 1193 485 XIX.

534 512 814 567 BAccHUM
857 514 913 566 in
956 514 1183 566 remotis
1221 514 1461 566 carmina
1494 512 1723 581 rupibus

534 587 664 641 Vidi
704 588 1271 642 docentem—credite
1308 589 1583 656 posteri—

599 664 986 732 Ny111p11asque
1026 664 1299 717 discentes
1341 668 1399 717 et
1435 680 1597 716 aures

670 739 1037 808 Capi-ipedum
1082 742 1397 806 Satyrorum
1433 743 1637 793 acutas·

531 814 696 881 Buce,
733 816 939 868 recenti
978 832 1131 868 mens
1172 815 1415 882 trepidat
1455 818 1608 866 metu

530 889 809 958 Plenoque
847 891 1046 944 Bacchi
1083 893 1304 959 Pectore
1342 889 1624 941 turbidum

597 966 875 1020 Laetatur.
946 968 1112 1034 Enoc,
1154 982 1316 1034 parce
1355 965 1536 1030 Liber,

668 1041 851 1109 Parce,
888 1043 1042 1110 gravi
1080 1041 1375 1094 metuende
1412 1040 1636 1107 thyrso}

534 1116 640 1169 Fas
676 1119 981 1185 pervicaces
1020 1121 1106 1170 est
1142 1116 1277 1168 mihi
1316 1115 1585 1183 Thyiadas

528 1191 768 1261 vinique
805 1194 1011 1246 fontem
1049 1192 1205 1245 lactis
1250 1195 1308 1244 et
1339 1191 1541 1244 uberes

598 1269 836 1323 Cantare
876 1270 1036 1335 rivos,
1070 1272 1238 1336 atque
1274 1267 1485 1320 truncis

666 1345 844 1413 Lapsa
880 1345 1024 1398 cavis
1060 1344 1267 1397 iterare
1302 1342 1501 1406 mella3

528 1418 634 1474 Fas
673 1425 730 1474 et
769 1420 961 1473 beatae
1000 1418 1247 1486 conjugis
1284 1418 1535 1470 additum

528 1496 713 1550 Stellis
749 1496 1020 1563 honorem,
1062 1499 1316 1563 tectaque
1361 1493 1594 1546 Penthei

594 1572 842 1640 Disjecta
882 1589 991 1624 non
1031 1571 1142 1623 leni
1177 1571 1347 1636 ruina,

664 1648 884 1701 Thracis
922 1651 981 1701 et
1022 1647 1251 1699 exitium
1291 1646 1537 1713 Lycurgi.

526 1723 608 1776 'I'u
644 1724 818 1777 flectis
856 1740 1058 1788 amnes
1099 1727 1163 1775 tu
1200 1738 1355 1773 mare
1391 1720 1704 1789 barbarum,

524 1800 605 1852 Tu
648 1800 910 1866 separatis
949 1798 1144 1851 uvidus
1182 1798 1239 1849 in
1273 1796 1427 1864 jugis

591 1874 641 1926 N
650 1873 755 1925 odo
796 1879 1011 1927 coerces
1047 1873 1296 1941 viperino

661 1948 1007 2003 Bistonidum
1045 1949 1164 2002 sine
1196 1948 1394 2000 fraude
1432 1947 1641 2001 crines:

523 2024 620 2090 Tu,
658 2041 776 2077 cum
816 2025 1059 2092 parentis
1098 2040 1269 2091 regna
1304 2040 1403 2091 per
1439 2023 1671 2075 arduum

523 2099 728 2152 Cohors
771 2100 1064 2165 Gigantum
1107 2099 1392 2152 scanderet
1428 2098 1612 2165 impia,

590 2174 864 2229 Rhoetum
905 2176 1175 2228 retorsisti
1218 2175 1394 2227 leonis

658 2251 947 2318 Unguibus
983 2251 1338 2318 horribilique
1379 2250 1553 2315 mala3

520 2325 860 2396 Quamquam
901 2327 1111 2380 choreis
1148 2327 1327 2394 aptior
1364 2332 1421 2379 et
1455 2326 1599 2394 jocis

519 2401 785 2470 Ludoque
827 2402 1008 2455 dictus
1050 2419 1157 2454 non
1196 2406 1280 2454 sat
1321 2403 1551 2456 idoneus

586 2478 810 2544 Pugnae
850 2478 1146 2531 ferebaris:
1184 2478 1284 2530 sed
1320 2478 1467 2531 idem

604 2592 612 2600 ,
656 2553 812 2606 Pacis
850 2570 970 2606 eras
1007 2553 1332 2621 mediusque
1373 2553 1518 2609 belli.

516 2627 591 2681 Te
637 2629 774 2681 vidit
813 2630 995 2682 insons
1035 2629 1305 2682 Cerberus
1344 2646 1510 2682 aureo

518 2702 699 2757 Cornu
741 2705 1010 2772 decorum,
1052 2706 1251 2758 leniter
1288 2709 1533 2758 atterens

584 2780 842 2847 Caudam,
886 2784 943 2833 et
984 2780 1292 2833 recedentis
1328 2781 1576 2848 trilingui

653 2854 763 2909 Ore
804 2856 977 2924 pedes
1015 2856 1312 2924 tetigitque
1351 2872 1526 2910 crura„

512 3074 641 3129 NoN
680 3080 882 3130 usitata
917 3094 1018 3129 nec
1054 3078 1206 3129 tenui
1243 3078 1388 3130 ferar

515 3152 700 3204 Penna
739 3153 983 3204 biformis
1020 3168 1121 3218 per
1161 3152 1425 3218 liquidum
1465 3153 1697 3210 aethera
1743 3142 1755 3157 ’

1907 1965 1958 2002 23

1906 2345 1956 2384 25
2009 2356 2017 2360 ·

1905 2723 1951 2763 30
