2217 3559
755 107 1170 155 CARMINUM
1204 106 1310 155 111.
1347 107 1430 158 27.

509 188 608 244 sie
638 191 697 241 et
735 188 953 255 Europe
990 187 1211 240 niveum
1250 185 1440 240 doloso

511 263 770 317 Credidit
805 266 963 315 tauro
999 263 1144 316 latus
1181 265 1240 315 ct
1276 266 1581 316 scatentem

511 338 722 393 Belluis
758 342 984 406 pontum
1022 338 1345 408 mediasque
1381 337 1607 391 fraudes
1636 378 1642 382 >

592 414 795 467 Palluit
830 413 1028 467 audax.
1255 466 1259 470 .

511 490 707 557 Nuper
742 489 800 541 in
834 490 1007 557 pratis
1041 488 1290 543 studiosa
1325 488 1521 542 florum
1559 492 1618 544 et

514 566 756 618 Debitae
786 565 1052 633 Nymphis
1087 566 1272 632 opifex
1308 580 1540 618 coronae

512 641 566 695 N
569 647 691 694 octe
726 640 989 694 sublustri
1024 640 1163 693 nihil
1198 643 1349 694 astra
1381 644 1606 707 praeter

584 716 749 769 Vidit
784 720 843 769 et
877 716 1068 769 undas,

510 793 668 857 Quae
703 791 866 844 simul
902 795 1125 845 centum
1159 790 1351 859 tetigit
1390 794 1671 858 potentem

511 867 748 936 Oppidis
786 867 1020 921 Creten:
1060 868 1240 932 Pater,
1276 884 1310 919 o
1345 866 1598 920 relictum

512 943 687 997 Filiae
721 959 918 996 nomen
948 943 1255 1011 pietasque,
1293 942 1451 1009 dixit,

585 1020 749 1072 Victa
782 1020 1000 1073 furore!

512 1095 678 1149 Unde
713 1111 822 1163 quo
856 1094 1019 1149 veni?
1091 1093 1256 1147 Levis
1291 1110 1404 1147 una
1438 1110 1587 1147 mors
1624 1098 1709 1149 est

513 1171 803 1238 virginum
838 1171 1046 1238 culpae.
1119 1169 1443 1237 Vigilansne
1477 1170 1636 1238 ploro

507 1246 692 1314 Turpe
726 1246 1089 1314 commissum,
1124 1262 1196 1298 an
1231 1245 1381 1298 vitiis
1417 1249 1693 1299 carentem

585 1322 756 1375 Ludit
792 1321 975 1389 imago

512 1398 674 1451 Vana
709 1414 849 1466 quae
885 1402 1046 1466 porta
1078 1398 1294 1466 fugiens
1326 1397 1539 1451 eburna

513 1474 794 1527 Somnium
829 1473 1019 1528 ducit?
1091 1474 1363 1528 Meliusne
1398 1474 1599 1527 fluctus

515 1548 610 1602 Ire
645 1566 746 1617 per
779 1549 972 1616 longos
1008 1549 1117 1603 fuit
1148 1566 1224 1602 an
1259 1556 1513 1602 recentes

586 1625 828 1694 Carpere
860 1625 1061 1679 flores?

514 1700 574 1754 Si
610 1701 733 1769 quis
766 1700 1021 1755 infamem
1060 1701 1195 1754 mihi
1232 1717 1374 1754 nunc
1398 1698 1697 1770 juvencum

514 1775 704 1830 Dedat
737 1777 913 1830 iratae
950 1777 1195 1831 lacerare
1230 1778 1378 1830 ferro
1415 1781 1474 1831 et

516 1851 796 1919 Frangere
831 1853 1010 1906 enitar
1044 1853 1209 1906 modo
1243 1853 1479 1907 multum
1517 1853 1689 1908 amati

586 1928 802 1982 Cornua
837 1929 1084 1982 monstri.

518 2002 818 2071 Impudens
853 2004 989 2071 liqui
1024 2004 1232 2073 patrios
1270 2005 1522 2073 Penate8‚

518 2078 820 2147 Impudens
857 2079 1058 2134 Orcum
1095 2097 1292 2136 moror.
1366 2081 1413 2134 Ο
1450 2082 1678 2135 deorum

518 2154 576 2209 Si
612 2155 737 2224 quis
771 2155 908 2208 haec
941 2157 1117 2223 audie,
1153 2157 1365 2210 utinam
1400 2158 1549 2212 inter
1583 2174 1763 2212 errem

584 2230 752 2285 Nuda
786 2231 971 2284 leones
994 2235 1005 2284 Ξ

519 2306 835 2375 Antequam
869 2306 1048 2374 turpis
1082 2307 1284 2361 macies
1319 2307 1581 2362 decentes

517 2381 762 2450 Occupet
797 2382 967 2437 malas
1001 2387 1339 2453 teneraeque
1372 2401 1563 2438 succus

517 2456 738 2511 Defluat
772 2458 1025 2526 praedae,
1062 2460 1307 2527 speciosa
1342 2476 1546 2528 quaero

588 2534 821 2587 Pascere
856 2534 1042 2601 tigres,

517 2607 661 2661 Vilis
698 2609 931 2677 Europe,
968 2613 1131 2678 pater
1163 2612 1328 2676 urget
1361 2609 1591 2663 absens:

517 2684 664 2749 Quid
698 2685 837 2739 mori
873 2686 1091 2739 cessas?
1165 2685 1329 2737 Potes
1365 2685 1465 2736 hac
1500 2686 1571 2737 ab
1603 2701 1736 2739 orno

518 2759 826 2813 Pendulum
861 2777 996 2814 zona
1028 2760 1171 2814 bene
1207 2764 1267 2814 tc
1302 2765 1491 2815 secuta

586 2835 832 2890 Laedere
867 2837 1077 2891 collum.

515 2909 643 2966 Sive
677 2915 736 2966 te
772 2928 935 2979 rupes
970 2915 1029 2965 et
1062 2915 1224 2967 acuta
1256 2911 1370 2968 leto

515 2986 660 3039 Saxa
695 2987 976 3041 delectant
1010 3005 1111 3055 age
1147 2993 1204 3042 te
1238 2989 1508 3058 procellae

516 3061 697 3116 Crede
731 3063 916 3129 veloci,
953 3063 1058 3116 nisi
1096 3064 1267 3117 herile
1302 3067 1474 3118 mavis

585 3138 826 3208 Carpere
859 3154 1090 3206 pensum

1901 956 1946 995 ³⁵

1904 1718 1951 1757 4⁵

1900 2097 1949 2136 50

1896 2852 1944 2894 6⁰
