2217 3559
262 88 351 134 110
803 85 1112 135 HORATII
1148 84 1406 133 FLACGI

259 165 576 219 Transvolat
610 167 666 218 in
701 166 881 219 medio
915 165 1093 233 posita
1128 168 1186 218 et
1219 163 1484 230 fugientia
1519 163 1756 232 captat-P

260 240 484 293 Hiscinc
519 240 796 293 versiculis
833 256 1021 308 speras
1056 239 1159 292 tibi
1192 250 1351 306 posse
1388 237 1602 292 dolores

260 316 449 385 Atque
485 321 669 369 aestus
705 332 972 384 curasque
1007 331 1200 382 graves
1236 328 1267 366 e
1301 317 1524 381 pectore
1558 314 1733 382 pelli?
1900 324 1961 372 iio

259 391 455 444 Nonne
492 391 835 458 cupidinibus
872 394 1079 443 statuat
1115 392 1313 442 natura
1345 388 1570 441 modum
1607 406 1790 460 quem,

261 465 404 529 Quid
440 467 618 519 latura
653 465 756 517 sibi
792 466 927 534 quid
962 465 1035 519 sit
1070 465 1309 517 dolitura
1343 468 1616 530 negatum,

261 541 535 603 Quaerere
570 541 691 609 plus
725 541 951 608 prodest
987 544 1046 594 et
1081 542 1243 594 inane
1279 539 1600 593 abscindere
1638 541 1835 596 soldo?

260 616 311 668 N
316 633 407 669 um
443 617 546 669 tibi
582 633 704 669 cum
739 616 922 670 fauces
956 617 1068 670 urit
1103 617 1225 670 sitis
1260 633 1424 670 aurea
1459 617 1677 685 quaeris

264 692 491 745 Pocula?
529 709 657 744 num
694 692 936 745 esuriens
971 692 1188 746 fastidis
1223 693 1402 745 omnia
1436 696 1657 761 praeter
1904 709 1973 748 11⁵

262 767 533 819 Pavonem
548 767 968 835 rhombumque?
1006 768 1242 821 Tument
1255 767 1359 820 tibi
1376 783 1498 819 cum
1514 767 1754 835 inguina,
1772 785 1909 822 num
1925 769 1972 821 si

263 842 477 895 Ancilla
511 846 606 895 aut
643 858 808 895 verna
844 847 928 896 est
963 847 1184 911 praesto
1218 860 1357 911 puer
1391 843 1629 910 impetus
1665 843 1723 895 in
1762 860 1933 911 quem

263 917 530 970 Continuo
568 918 665 970 fiat
701 918 858 969 malis
893 918 1162 985 tentigine
1198 917 1412 985 rumpi?

262 985 313 1038 N
316 1002 385 1038 on
422 1002 553 1053 ego:
589 1003 823 1055 namque
858 986 1156 1053 parabilem
1189 1002 1311 1038 amo
1344 1001 1597 1038 venerem
1625 985 1976 1055 facilemque,

264 1061 436 1127 Illam,
464 1061 640 1114 “Post
672 1061 879 1128 pau10,''
911 1061 1066 1115 “Sed
1101 1061 1318 1129 pluriS‚''
1348 1061 1449 1113 “Si
1487 1060 1688 1113 exierit
1725 1062 1856 1128 vir,’'
1906 1079 1976 1115 1-20

263 1136 445 1203 Gallis,
482 1136 620 1188 hanc
658 1135 1009 1189 Philodemus
1045 1137 1123 1188 ait
1158 1136 1261 1188 sibi
1299 1153 1440 1203 quae
1478 1152 1655 1203 neque
1693 1152 1901 1203 magno

263 1212 386 1264 Stet
419 1212 598 1280 pretio
633 1228 812 1279 neque
846 1216 1133 1265 cunctetur
1167 1228 1287 1264 cum
1326 1215 1412 1266 est
1440 1211 1597 1278 jussa
1625 1213 1830 1265 venire.

262 1286 508 1340 Candida
541 1291 802 1355 rectaque
838 1287 941 1351 sit3
975 1286 1180 1339 munda
1211 1287 1474 1339 hactenus
1502 1289 1566 1338 ut
1595 1303 1773 1355 neque
1807 1287 1981 1354 longa

264 1362 378 1415 Nec
413 1363 585 1429 magis
621 1361 745 1414 alba
783 1362 915 1415 velit
950 1378 1116 1430 quam
1152 1361 1250 1415 dat
1284 1365 1482 1414 natura
1517 1360 1708 1414 videri.

265 1438 417 1490 Haec
451 1437 542 1489 ubi
582 1437 866 1505 supposuit
902 1436 1099 1489 dextro
1134 1453 1332 1505 corpus
1368 1436 1501 1489 mihi
1538 1436 1752 1489 laevum
1906 1453 1979 1491 125

264 1512 367 1566 Ilia
401 1516 460 1565 et
498 1512 693 1578 Egeria
729 1517 844 1565 cst:
883 1512 954 1564 do
989 1528 1185 1564 nomen
1221 1511 1508 1580 quodlibet
1542 1511 1638 1579 illi,

263 1589 378 1641 Nec
411 1605 603 1641 vercor
637 1604 706 1639 ne
743 1587 871 1639 dum
908 1587 1061 1639 futuo
1097 1587 1180 1638 vir
1214 1603 1344 1639 rure
1381 1590 1644 1653 recurrat,

263 1664 299 1716 J
303 1681 443 1717 anua
476 1664 772 1730 frangatur,
811 1663 973 1715 latret
1010 1663 1173 1728 caniS,
1212 1663 1457 1730 undique
1494 1679 1689 1728 magno

264 1739 427 1792 Pulsa
462 1740 656 1792 domus
692 1738 930 1805 strepitu
966 1741 1200 1804 resonet,
1238 1737 1512 1805 vepallida
1549 1738 1690 1791 lecto

263 1814 495 1868 Desiliat
529 1814 737 1880 mulier,
774 1813 1026 1865 miseram
1063 1829 1121 1865 se
1157 1813 1369 1867 conscia
1404 1814 1614 1879 clamet,
1908 1831 1982 1871 130

267 1891 527 1944 Cruribus
563 1890 697 1942 haec
731 1892 955 1954 metuat,
994 1889 1111 1941 doti
1148 1888 1431 1956 deprensa,
1468 1892 1685 1956 egomet
1722 1891 1815 1943 mi.

264 1966 543 2019 Discincta
575 1965 763 2018 tunica
795 1964 1114 2031 fugiendum
1152 1968 1237 2017 est
1271 1980 1334 2016 ac
1368 1965 1511 2032 pede
1546 1964 1706 2032 nude,

265 2043 352 2094 Ne
387 2041 592 2094 nummi
626 2042 854 2108 pereant
889 2043 985 2092 aut
1019 2056 1165 2107 puga
1200 2042 1296 2092 aut
1333 2039 1569 2107 denique
1603 2041 1761 2092 fama.

265 2117 547 2187 Deprendi
581 2116 843 2169 miserum
878 2117 1000 2179 est3
1037 2114 1209 2167 Fabio
1243 2114 1329 2168 vel
1356 2114 1547 2183 judice
1581 2116 1808 2171 vincam.

1060 2257 1173 2309 III.

267 2341 528 2394 OMNIBUs
563 2341 664 2394 hoc
702 2341 894 2394 vitium
932 2344 1016 2393 est
1052 2339 1376 2407 cantoribuS,
1414 2339 1561 2393 inter
1596 2340 1800 2393 amicos

266 2418 347 2470 Ut
381 2433 657 2484 nunquam
691 2417 953 2468 inducant
987 2416 1228 2468 animum
1264 2419 1486 2469 cantare
1523 2417 1715 2482 rogati,

267 2492 470 2561 Injussi
505 2508 779 2560 nunquam
818 2492 1099 2544 desistant.
1172 2490 1378 2543 Sardus
1413 2491 1655 2544 habebat

269 2568 371 2622 Ille
407 2567 664 2635 Tigellius
698 2567 829 2620 hoc:
866 2566 1080 2633 Caesar,
1118 2566 1210 2634 qui
1247 2582 1441 2633 cogere
1477 2569 1677 2634 posset,

268 2644 325 2697 Si
359 2646 577 2711 peteret
610 2659 710 2710 per
744 2642 1035 2695 amicitiam
1071 2641 1244 2709 patris
1281 2645 1448 2709 atque
1483 2658 1636 2694 suam
1672 2658 1781 2695 non
1944 2664 1974 2702 5

269 2719 578 2787 Quidquam
613 2717 937 2785 proficeret3
973 2716 1018 2772 si
1054 2716 1385 2770 collibuisset
1419 2716 1490 2769 ab
1524 2733 1624 2770 ovo

269 2796 458 2863 Usque
493 2793 564 2846 ad
598 2793 740 2846 mala
774 2793 984 2857 citaret,
1025 2792 1087 2843 Io
1126 2792 1367 2845 Bacche!
1406 2792 1568 2844 modo
1605 2809 1818 2846 summa

269 2872 432 2934 Voce,
465 2870 627 2921 modo
662 2868 762 2921 hac
798 2872 1016 2920 resonat
1052 2883 1191 2934 quae
1228 2867 1441 2919 chordis
1479 2872 1741 2935 quattuor
1776 2869 1906 2924 ima.

269 2946 363 2999 Nil
397 2945 624 3012 aequale
660 2943 862 2995 homini
897 2943 1002 2995 fnit
1037 2942 1150 3005 illi3
1187 2958 1348 3008 saepe
1384 2943 1537 2995 velut
1573 2943 1666 3011 qui

270 3019 543 3074 Currebat
577 3019 789 3084 fugiens
824 3017 1049 3079 hostem,
1083 3033 1347 3084 persaepe
1381 3018 1532 3072 volut
1567 3020 1662 3087 qui
1935 3037 1978 3078 ιο

270 3095 309 3150 J
311 3094 505 3149 unonis
542 3108 693 3145 sacra
726 3091 931 3154 ferret3
965 3090 1206 3145 habebat
1240 3108 1405 3162 saepe
1440 3092 1719 3159 ducentos,

2181 1736 2187 1853 ,ψ
2121 1580 2187 1701 ns·
