2217 3559
770 91 1179 146 CARMINUM
1215 93 1289 140 II.
1327 94 1372 151 2,
1412 93 1457 139 3.

606 179 860 232 Testatur
893 175 1256 243 auditumque
1292 174 1474 228 Medis

674 252 979 321 Hesperiae
1016 252 1253 305 sonitum
1289 251 1515 304 ruinae?

539 328 644 393 Qui
678 346 879 397 gurges
915 332 1011 382 aut
1046 345 1188 397 quae
1224 328 1447 380 flumina
1481 326 1728 394 lugubris

540 405 739 472 Ignara
773 405 901 458 belli
924 407 942 458 ’ἔ
981 404 1129 473 quod
1164 421 1315 458 mare
1351 402 1598 456 Dauniae

606 481 659 533 N
662 498 732 533 on
769 482 1147 534 decoloravere
1183 480 1417 534 caedes?

675 557 827 621 Quae
862 560 1014 610 caret
1049 573 1146 609 ora
1180 573 1371 609 cruore
1404 556 1629 607 nostro}

538 632 651 687 Sed
684 650 754 686 ne
790 632 1010 700 relictis,
1047 633 1210 685 Musa
1243 648 1459 701 procaX,
1485 630 1629 699 jocis

539 709 682 763 Ceae
717 713 982 763 retractes
1016 725 1245 761 munera
1279 708 1505 762 neniae:

607 785 825 838 Mecum
862 786 1105 838 Dionaeo
1144 784 1244 837 sub
1281 788 1439 838 antro

676 860 889 925 Quaere
924 861 1115 914 modos
1150 860 1350 914 leviore
1383 860 1604 929 plectro·

1078 1003 1158 1056 II.

539 1088 589 1141 N
595 1105 769 1141 uuus
804 1091 1030 1155 argento
1065 1088 1213 1140 color
1248 1091 1335 1141 est
1368 1088 1544 1141 avaris

539 1164 749 1218 Abdito
785 1164 964 1226 terriS‚
1001 1162 1218 1217 inimice
1253 1164 1466 1216 lanmae

538 1239 730 1308 Crispe
767 1240 1004 1294 Sallusti.
1039 1240 1145 1292 nisi
1180 1244 1485 1308 temperato

607 1315 906 1384 Splendeat
939 1333 1057 1368 usu,

538 1391 705 1445 Vivet
741 1395 965 1445 extento
1004 1390 1315 1444 Proculeius
1352 1407 1484 1444 aevo

540 1467 719 1521 Notus
754 1467 812 1519 in
846 1467 1047 1520 fratres
1085 1467 1252 1519 animi
1288 1468 1532 1534 paterni3

541 1543 703 1596 Illum
740 1546 868 1610 aget
902 1559 1081 1610 penna
1115 1546 1397 1596 metuente
1433 1541 1565 1595 solvi

607 1618 777 1671 Fama
814 1623 1106 1687 superstes,

540 1694 731 1748 Latius
767 1711 962 1762 regnes
997 1689 1219 1748 aviduni
1256 1694 1527 1747 domando

539 1770 820 1843 Spiritum,
855 1787 1019 1839 quam
1056 1770 1101 1823 si
1141 1770 1368 1838 Libyam
1406 1775 1629 1825 remotis

539 1846 786 1899 Gradibus
811 1845 1014 1914 jungas
1049 1851 1107 1900 et
1142 1849 1377 1916 uterque
1415 1846 1629 1900 Poenus

612 1922 827 1976 Serviat
862 1921 971 1975 uni.

538 1997 750 2052 Crescit
783 1998 1073 2066 indulgens
1111 1999 1214 2052 sibi
1253 1999 1405 2052 dirus
1438 1999 1691 2069 hym-01³5,

538 2074 590 2126 N
594 2090 656 2127 ec
691 2074 839 2127 sitim
874 2074 1031 2142 pellit
1065 2075 1171 2128 nisi
1207 2092 1369 2128 causa
1403 2076 1577 2129 morbi

542 2150 770 2217 Fugerit
804 2150 957 2203 venis
994 2154 1052 2204 et
1087 2168 1322 2221 aquosus
1362 2152 1485 2205 albo

608 2226 847 2294 Corpore
881 2226 1123 2294 languor.

541 2302 844 2355 Redditum
882 2303 1007 2370 Cyri
1045 2302 1177 2355 solio
1215 2303 1488 2357 Phraaten

539 2378 827 2431 Dissidens
862 2378 1007 2445 plebi
1044 2396 1272 2432 numero
1308 2379 1593 2433 beatorum

541 2454 750 2507 Eximit
785 2453 993 2523 Virtus,
1028 2456 1398 2525 populumque
1432 2456 1582 2509 falsis

608 2530 857 2584 Dedecet
890 2531 972 2583 uti

540 2605 796 2675 VocibUS‚
831 2623 1061 2674 regnum
1096 2611 1158 2661 ct
1193 2607 1447 2661 diadema
1480 2611 1659 2662 tutum

540 2681 807 2736 Deferens
841 2683 936 2734 uni
970 2684 1356 2753 propriamque
1390 2684 1602 2737 laurum

542 2758 800 2827 Quisquis
835 2758 1085 2826 ingentes
1123 2760 1277 2813 oculo
1312 2761 1577 2814 inretorto

609 2834 835 2903 Spectat
869 2851 1101 2889 acervos,

1061 2980 1178 3034 III.

543 3065 794 3138 Anausin
829 3067 1105 3117 memento
1141 3063 1306 3117 rebus
1341 3064 1398 3120 in
1436 3064 1623 3118 arduis

542 3139 772 3194 Servare
806 3144 1062 3206 mentem,
1098 3156 1208 3193 non
1245 3156 1399 3195 secus
1433 3140 1490 3193 in
1523 3140 1680 3195 bonis

1907 86 1966 139 27

1930 1790 1972 1825 10

1934 2170 1974 2207 15
