2217 3559
33 3255 51 3396 Ὶυ-.’“’

727 125 1240 177 EPISTULARUM
1275 129 1318 178 Ι.
1361 129 1435 179 16.
1837 127 1927 177 177

200 277 258 332 N
262 294 300 333 n
341 263 690 350 perconteris
724 283 925 337 fundus
960 215 1373 352 mXeXsf’optime
1412 285 1614 351 Quinti,

206 359 373 408 Arvo
411 361 601 425 pascat
636 357 829 412 herum
865 376 935 412 an
969 360 1150 414 baccis
1185 362 1467 428 opulentet
1502 360 1690 430 olivae,

202 430 481 485 Pomisne
518 437 577 486 et
612 435 785 501 pratis
821 452 890 488 an
925 437 1125 489 amicta
1159 436 1361 489 vitibus
1396 436 1558 503 ulmo,

201 506 511 561 Scribetur
545 508 648 561 tibi
684 510 862 563 forma
895 510 1197 579 loquaciter
1233 515 1290 565 et
1326 512 1467 565 situs
1502 511 1634 579 agri.

203 582 481 637 Continui
516 588 731 638 montes
765 586 822 637 ni
858 586 1220 639 dissocientur
1256 604 1423 655 opaca
1905 600 1930 640 s

204 657 400 725 Valle,
439 659 540 713 sed
575 665 639 713 ut
674 661 897 715 veniens
935 661 1190 715 dextrum
1230 662 1374 715 latus
1410 662 1675 731 adspiciat
1712 661 1817 727 Sol,

204 731 470 787 Laevum
507 735 794 790 discedens
830 753 992 790 curru
1026 737 1271 804 fugiente
1307 742 1547 805 vaporet.

207 807 568 877 Temperiem
606 811 808 864 laudes
881 812 1041 879 Quid,
1079 813 1123 865 si
1160 812 1463 866 rubicunda
1499 811 1720 880 benigni

209 883 406 937 Corna
445 902 639 954 vepres
674 891 733 940 et
768 904 942 955 pruna
975 888 1171 954 ferant,
1209 888 1254 939 si
1291 905 1523 956 quercus
1557 893 1616 942 et
1650 888 1759 941 ilex

208 957 409 1012 Multa
443 961 604 1029 fruge
638 978 804 1029 pecus
840 962 1012 1016 multa
1048 964 1326 1016 dominum
1355 964 1517 1032 juvet
1550 963 1760 1030 umbra,
1817 959 1824 966 ’
1888 978 1930 1015 ιο

213 1033 395 1088 Dicas
433 1036 733 1091 adductum
769 1039 991 1106 propius
1026 1039 1283 1092 frondere
1321 1040 1629 1093 Tarentum.

214 1108 375 1164 Fons
414 1112 579 1165 etiam
614 1112 731 1165 rivo
766 1113 900 1166 dare
935 1130 1133 1167 nomen
1167 1115 1409 1180 idoneuS,
1447 1121 1509 1167 ut
1544 1131 1644 1167 nec

218 1184 508 1254 Frigidior
542 1187 805 1242 Thracam
840 1205 939 1242 nee
974 1190 1162 1257 purior
1195 1190 1402 1243 ambiat
1439 1189 1678 1257 Hebrus,

222 1262 460 1316 Infirmo
495 1264 659 1332 capiti
698 1264 818 1317 fluit
854 1264 1020 1332 utilis,
1055 1265 1207 1318 utilis
1241 1266 1378 1319 alvo,

223 1337 357 1392 Hae
392 1339 635 1392 latebrae
673 1340 876 1404 duleeS,
913 1341 1079 1393 etiam
1116 1341 1162 1393 si
1197 1340 1376 1394 credis
1412 1357 1683 1409 amoenae,
1886 1356 1929 1395 ιε

226 1415 568 1468 Incolumem
604 1415 707 1468 tibi
744 1432 832 1468 me
868 1420 1150 1482 praestant
1187 1416 1605 1485 Septembribus
1638 1417 1800 1470 horis

225 1490 314 1543 Tu
348 1495 498 1544 reete
532 1491 667 1543 vivis
703 1490 747 1544 si
784 1508 940 1543 curas
977 1508 1096 1545 esse
1134 1492 1281 1560 quod
1315 1492 1489 1546 audis.

227 1566 267 1617 J
271 1570 515 1619 actamus
543 1565 875 1634 jampridem
912 1568 1085 1619 omnis
1118 1572 1176 1621 te
1217 1568 1390 1621 Roma
1424 1568 1675 1633 beatum3

230 1641 344 1694 Sed
380 1657 570 1695 vereor
605 1659 675 1694 ne
712 1642 799 1695 eui
836 1642 906 1694 de
941 1650 999 1696 te
1035 1643 1158 1711 plus
1195 1660 1359 1712 quam
1395 1643 1498 1697 tibi
1533 1644 1740 1710 credas

232 1716 387 1769 Neve
421 1720 583 1785 putes
618 1717 784 1770 alium
820 1718 1064 1785 sapiente
1100 1718 1352 1788 bonoque
1389 1718 1627 1786 beatum,
1871 1743 1920 1782 «ῃ

231 1792 359 1845 Neu
394 1793 440 1844 si
475 1797 534 1846 te
571 1792 803 1861 populus
839 1809 1029 1846 sanum
1066 1800 1326 1864 reeteque
1361 1795 1629 1848 valentem

232 1867 465 1921 Dictitet
501 1868 764 1921 occultam
802 1868 1011 1921 febrem
1046 1869 1149 1922 sub
1183 1873 1403 1938 tempus
1439 1870 1639 1924 edendi

233 1943 570 2009 I)issimuleS‚
609 1942 780 1996 donee
816 1944 1064 1997 manibus
1099 1949 1306 1999 tremor
1340 1946 1546 1999 ineidat
1580 1946 1772 1999 unctis..

230 2019 535 2072 Stultorum
569 2020 817 2073 incurata
851 2021 1029 2088 pudor
1065 2022 1239 2076 malus
1274 2023 1457 2076 ulcera
1491 2023 1645 2078 celat.

230 2094 290 2146 Si
328 2095 449 2161 quis
485 2095 630 2148 bella
664 2095 770 2148 tibi
803 2099 952 2149 terra
984 2102 1228 2165 pugnata
1262 2099 1507 2166 marique
1886 2111 1931 2149 25

116 2213 125 2226 .
230 2167 396 2222 Dicat
431 2174 491 2223 et
525 2170 610 2223 his
644 2170 825 2223 verbis
861 2188 1056 2224 vacuas
1091 2173 1426 2239 permulceat
1461 2190 1645 2227 aures:

230 2245 418 2299 “Tene
453 2246 625 2313 magis
662 2245 868 2298 salvum
903 2248 1135 2315 populus
1171 2248 1305 2302 velit
1341 2266 1409 2301 an
1445 2248 1704 2317 populum
1741 2253 1805 2300 tu
1847 2297 1866 2308 ,

230 2322 427 2375 Servet
461 2321 518 2373 in
552 2320 805 2388 ambiguo
841 2321 936 2389 qui
972 2322 1205 2376 consulit
1239 2328 1297 2376 et
1332 2323 1435 2375 tibi
1470 2328 1528 2376 et
1561 2322 1685 2376 urbi

228 2396 267 2449 J
271 2396 558 2466 uppiter;'’
602 2396 841 2463 Augusti
877 2396 1069 2450 laudes
1104 2415 1401 2465 agnoscere
1435 2399 1636 2467 possis:

230 2473 372 2527 Cum
407 2471 612 2541 pateris
649 2472 866 2540 sapiens
902 2473 1333 2542 emendatusque
1368 2475 1562 2542 vocari,
1893 2499 1942 2537 30

232 2548 620 2617 Respondesne
656 2550 752 2600 tuo
788 2546 877 2600 dic
913 2547 1072 2600 sodes
1106 2551 1356 2603 nomine?
1428 2549 1641 2618 Nempe

230 2624 334 2677 Vir
368 2623 544 2676 bonus
582 2626 642 2676 et
675 2622 918 2691 prudens
956 2623 1062 2676 diei
1100 2623 1346 2678 delector
1381 2642 1483 2693 ego
1518 2641 1581 2679 ae
1615 2629 1692 2678 tu.

228 2698 335 2762 Qui
374 2699 531 2751 dedit
566 2698 668 2750 hoc
705 2698 869 2751 hodie
906 2715 1026 2751 cras
1062 2699 1108 2751 si
1145 2699 1292 2753 volet
1327 2701 1554 2768 auferet,
1589 2704 1653 2754 ut
1687 2700 1735 2753 si

226 2771 508 2828 Detulerit
543 2774 718 2827 fasces
753 2773 977 2841 indigno
1014 2774 1270 2828 detrahet
1304 2775 1468 2829 idem.

227 2848 258 2877 ‘⁴
269 2848 435 2917 Pone,
470 2865 653 2902 meum
690 2849 841 2903 est:''
876 2850 1070 2917 inquit.
1143 2849 1294 2903 Pono
1329 2852 1612 2920 tristisque
1648 2851 1860 2905 recede.
1884 2869 1932 2908 35

228 2924 391 2978 Idem
427 2924 474 2977 si
508 2924 708 2978 elamet
744 2925 935 2990 furem,
969 2927 1137 2992 neget
1172 2941 1292 2978 esse
1328 2926 1601 2994 pudicum,

229 2999 542 3054 Contendat
575 3000 772 3067 laqueo
808 3000 1004 3053 collum
1038 3001 1303 3068 pressisse
1337 3006 1655 3070 paternum;

230 3076 490 3130 Mordear
524 3075 829 3144 opprobriis
865 3075 1015 3128 falsis
1050 3081 1368 3143 mutemque
1404 3077 1641 3132 colores?

232 3151 425 3205 Falsus
459 3151 632 3204 honor
657 3150 821 3218 juvat
856 3156 916 3202 et
949 3150 1187 3203 mendax
1222 3151 1445 3204 infamia
1480 3156 1654 3207 terret
1893 3172 1936 3211 3⁹
