2217 3559
276 112 367 163 124
840 110 1145 160 IIORATII
1181 111 1441 160 FLAOCI

269 187 490 240 Persius
526 188 613 244 hic
648 204 947 256 permagna
981 191 1203 257 negotia
1238 190 1395 244 dives
1429 190 1674 245 habebat

267 263 618 329 ClazomeniS,
657 265 824 316 etiam
861 264 988 317 lites
1025 281 1148 317 cum
1191 265 1343 332 Rege
1378 265 1651 330 molestaS,

268 337 454 390 Durus
490 337 652 389 homo
689 342 858 405 atque
895 339 1019 392 odio
1060 341 1154 407 qui
1191 345 1379 409 posset
1414 341 1630 394 vincere
1672 341 1899 409 Regem,

269 413 564 466 Confidens
600 414 969 483 tumidusque,
1007 415 1147 468 adeo
1185 416 1449 469 sermonis
1484 415 1657 468 amari

267 489 525 542 Sisennae
566 490 767 543 Barros
804 495 868 544 ut
903 493 1058 559 equis
1094 495 1476 560 praecurreret
1511 492 1666 545 albis.

269 564 366 617 Ad
407 565 617 633 Regem
653 565 837 619 redeo,
911 567 1210 635 Postquam
1246 568 1382 620 nihil
1416 567 1564 620 inter
1598 572 1899 635 utrumque

271 641 552 707 Convenit,
589 641 707 707 (hoc
745 643 949 695 etenim
987 649 1115 696 sunt
1157 660 1347 696 omnes
1373 643 1504 710 jure
1540 643 1758 696 molesti
1941 657 1988 696 ιο

270 717 390 780 Quo
425 717 595 770 fortes
632 717 831 784 quibus
866 718 1156 772 adversum
1193 718 1398 771 bellum
1433 718 1627 772 incidit
1643 740 1656 783 ;
1698 719 1846 771 inter

270 791 513 845 Hectora
554 793 866 847 Priamiden
902 794 1204 848 animosum
1242 800 1410 862 atque
1445 795 1594 849 inter
1633 794 1912 847 Achillem

271 867 364 921 Ira
396 868 501 921 fuit
539 869 788 937 capitalis
823 873 886 923 ut
920 870 1116 923 ultima
1151 870 1427 924 divideret
1459 887 1619 935 mors,

269 942 394 996 Non
430 944 593 998 aliam
630 945 700 997 ob
735 962 950 999 causam
987 947 1092 999 nisi
1131 947 1279 1014 quod
1307 947 1482 999 virtus
1516 946 1572 998 in
1607 948 1844 1013 utroque

270 1019 493 1072 Summa
529 1020 661 1073 fuit:
700 1019 809 1073 duo
846 1022 892 1074 si
929 1021 1205 1075 discordia
1239 1026 1403 1076 vexet
1437 1022 1657 1086 inertes,
1941 1036 1988 1074 1⁵

270 1097 389 1148 Aut
421 1095 466 1151 si
501 1094 811 1163 disparibus
852 1096 1056 1149 bellum
1095 1097 1314 1163 incidat,
1354 1101 1418 1150 ut
1458 1095 1714 1149 Diomedi

269 1170 407 1224 Cum
445 1171 608 1239 Lycio
649 1171 865 1237 Glauce,
906 1173 1157 1226 discedat
1195 1173 1401 1241 pigrior
1434 1172 1582 1226 ultro

269 1246 592 1299 Muneribus
623 1248 803 1300 missis
818 1251 849 1313 z)
891 1248 1066 1302 Bruto
1103 1258 1360 1317 praetore
1399 1252 1624 1302 tenente

269 1322 456 1375 Ditem
495 1322 687 1375 Asiam
725 1324 910 1392 Rupili
949 1328 1007 1378 et
1052 1325 1209 1378 Persi
1246 1341 1346 1392 par
1382 1327 1607 1393 pugnat,
1645 1322 1729 1376 uti
1765 1338 1874 1375 non

269 1397 641 1466 Compositum
682 1399 875 1452 melius
914 1416 1036 1453 eum
1078 1400 1247 1454 Bitho
1285 1400 1561 1453 Bacchius.
1635 1399 1701 1452 In
1728 1397 1824 1466 jus
1937 1414 1984 1449 ‘20

272 1475 447 1527 Acres
487 1478 827 1541 procurrunt,
860 1492 1117 1543 magnum
1157 1475 1528 1544 spectaculum
1568 1478 1820 1541 uterque.

270 1549 489 1602 Persius
528 1551 750 1618 exponit
788 1568 1036 1616 causan1;
1075 1552 1292 1605 ridetur
1328 1551 1398 1604 ab
1430 1551 1576 1603 omni

269 1624 584 1689 Conventu3
620 1626 808 1680 laudat
835 1628 1070 1680 Brutum
1098 1627 1399 1695 laudatque
1424 1627 1731 1679 cohortem:

268 1699 450 1755 Solem
490 1702 657 1754 Asiae
695 1702 930 1755 Brutum
967 1704 1227 1771 appellat,
1268 1703 1565 1770 stellasque
1594 1700 1842 1754 salubres

270 1777 534 1845 Appellat
571 1778 798 1831 comites
831 1784 1062 1846 excepto
1102 1779 1255 1846 Rege
1272 1800 1284 1843 ;
1324 1794 1511 1831 canem
1554 1777 1709 1830 illum
1934 1791 1980 1829 25

272 1853 512 1906 Invisum
553 1853 802 1920 agricolis
846 1854 998 1907 sidus
1036 1855 1264 1908 venisse.
1335 1852 1556 1906 Ruebat

270 1928 501 1981 Flumen
534 1932 597 1981 ut
635 1929 924 1983 hibernum
957 1931 1135 1983 fertur
1171 1947 1278 1998 quo
1317 1946 1441 1982 rara
1473 1929 1689 1982 securis,

270 2005 407 2056 Tum
447 2004 833 2058 Praenestinus
866 2005 1008 2058 salso
1047 2006 1331 2073 multoque
1370 2005 1563 2057 fluenti

271 2081 541 2148 Expressa
573 2080 798 2133 arbusto
833 2082 1041 2148 regerit
1076 2081 1330 2147 convicia,
1368 2080 1540 2132 durus

269 2155 651 2209 vindemiator
685 2161 745 2210 et
780 2157 1029 2223 invictuS‚
1068 2157 1155 2211 cui
1195 2173 1358 2224 saepe
1395 2157 1569 2209 viator
1932 2171 1974 2210 ³·

270 2232 540 2286 Cessisset
573 2248 771 2298 magna
810 2233 1141 2301 compellans
1176 2249 1308 2286 voce
1345 2233 1630 2285 cucullum.

270 2309 352 2362 At
388 2307 641 2373 GraccuS,
678 2312 969 2375 postquam
1008 2313 1095 2362 est
1135 2308 1278 2361 Italo
1312 2307 1567 2375 perfusus
1601 2308 1769 2370 acet0‚

272 2384 491 2436 Persius
528 2383 830 2439 exclamat:
870 2383 978 2436 Per
1014 2400 1254 2451 magnOS,
1295 2384 1485 2447 Brute,
1523 2383 1654 2436 deos
1688 2386 1749 2434 te

272 2459 382 2512 Oro
420 2458 512 2526 qui
548 2474 706 2526 reges
742 2459 1017 2512 consueris
1052 2460 1262 2524 tollere,
1300 2476 1397 2512 cur
1430 2475 1538 2511 non
1930 2473 1971 2509 34

271 2535 436 2588 Hunc
452 2534 659 2602 Regem
666 2534 913 2602 jugulas?
935 2536 1178 2603 Operum
1190 2535 1305 2602 hoc,
1320 2533 1451 2587 mihi
1460 2532 1867 2601 crede,tuorum
1878 2538 1969 2584 est.

1050 2675 1222 2729 VIII.

271 2760 423 2814 OLIM
461 2764 684 2814 truncus
721 2776 869 2813 eram
907 2758 1151 2825 ficulnus,
1188 2758 1382 2812 inutile
1417 2757 1643 2825 lignum,

270 2839 409 2892 Cum
445 2837 613 2903 faber,
650 2837 892 2889 incertus
929 2852 1204 2888 scamnum
1243 2835 1519 2887 faceretne
1559 2831 1838 2899 Priapum,

272 2913 468 2972 Maluit
504 2930 624 2966 esse
657 2913 837 2965 deum.
908 2911 1059 2964 Deus
1095 2912 1221 2964 inde
1257 2927 1360 2978 ego
1393 2910 1575 2961 furum
1615 2907 1903 2972 aviumque

270 2989 514 3042 Maxima
548 2987 808 3050 formid03
854 3002 982 3038 nam
1017 2987 1170 3038 fures
1205 2986 1403 3038 dextra
1439 2988 1654 3037 coercet

271 3064 662 3129 Obscoenoque
696 3061 863 3113 ruber
893 3065 1181 3130 porrectus
1216 3061 1286 3114 ab
1320 3060 1541 3127 inguine
1577 3058 1769 3127 palus;

273 3143 383 3192 Ast
417 3139 751 3205 importunas
786 3135 1031 3188 volucres
1066 3135 1123 3186 in
1160 3133 1365 3188 vertice
1401 3130 1612 3186 arundo

2139 1732 2183 1761 15

2137 3316 2171 3522 Ι--ὶθ
2137 3264 2170 3305 C.
