2217 3559
27 1763 39 1886 ——vo

850 131 1280 182 SATIRARUM
1315 132 1392 180 II.
1430 130 1476 181 7.
1861 128 1951 176 155

216 211 384 267 Cum
423 217 481 268 te
516 212 775 266 formidet
805 213 1002 266 mulier
1036 229 1216 281 neque
1256 211 1447 265 credat
1478 209 1696 276 amanti,
1906 220 1953 261 ⁶⁵

219 288 362 341 Ibis
403 288 507 341 sub
537 288 746 341 furcam
782 288 1025 356 prudens
1058 288 1386 356 dominoque
1421 285 1628 341 furenti

217 365 571 420 Committes
595 381 713 417 rem
737 381 952 417 omnem
981 367 1041 417 et
1059 364 1230 417 vitam
1257 366 1316 416 et
1339 379 1462 415 cum
1487 376 1712 429 corpore
1734 360 1950 412 famam.

220 440 451 507 Evasti,
486 440 654 493 credo
693 442 907 493 metues
945 439 1253 507 doctusque
1298 437 1539 491 cavebis:

220 515 491 579 Quaeres
527 515 747 584 quando
784 515 989 568 iteruni
1025 530 1228 583 paveas
1264 514 1574 582 iterumque
1610 511 1792 580 perire

222 591 445 656 Possis,
481 608 514 643 o
550 591 717 644 toties
752 594 970 643 servus!
1013 590 1165 654 Quae
1202 590 1385 642 bellua
1418 588 1611 658 ruptiS,
1905 602 1953 642 το

223 667 384 720 Cum
421 666 591 720 semel
629 666 833 734 effugit,
867 666 1058 720 reddit
1097 683 1157 720 se
1193 682 1361 734 prava
1392 664 1634 718 eatenis?

225 742 368 795 Non
395 759 514 796 sum
539 742 810 809 moechuS,
835 743 928 796 ais,
1002 743 1198 810 Neque
1223 758 1324 808 ego
1347 739 1568 793 hercule
1590 738 1681 792 fur
1702 737 1799 791 ubi
1822 754 1951 792 vasa

228 817 541 871 Praetereo
579 819 793 885 sapiens
829 820 1120 885 argentea:
1159 817 1292 870 tolle
1326 815 1603 884 periclum,

226 893 270 944 J
276 909 373 946 am
410 909 549 960 vaga
582 893 830 961 prosiliet
862 892 1031 945 frenis
1066 896 1264 945 natura
1297 891 1538 944 remotis

228 967 396 1022 Tune
432 968 567 1021 mihi
604 967 870 1033 dominuS,
908 984 1091 1020 rerum
1128 968 1371 1035 imperiis
1407 966 1793 1034 hominumque
1904 980 1949 1019 75
1999 1030 2004 1035 ,

229 1044 346 1097 Tot
383 1044 662 1112 tantisque
698 1044 890 1109 minor,
930 1060 1093 1111 quem
1130 1046 1221 1096 ter
1255 1042 1498 1095 vindicta
1529 1045 1833 1110 quaterque

232 1118 510 1187 Imposita
549 1118 695 1171 haud
730 1135 971 1186 unquam
1007 1112 1208 1170 misera
1243 1117 1535 1170 formidine
1569 1116 1783 1185 privet?

233 1194 411 1248 Adde
447 1191 611 1262 su'per
646 1193 810 1247 dictis
846 1192 994 1261 quod
1026 1210 1135 1246 non
1170 1193 1344 1246 levius
1379 1193 1586 1246 valeat:
1624 1208 1748 1245 nam

234 1269 369 1323 Sive
408 1269 640 1322 vicarius
677 1272 763 1322 est
806 1270 901 1337 qui
939 1285 1093 1322 servo
1131 1273 1306 1336 paret,
1343 1269 1426 1321 uti
1461 1284 1578 1321 mos

233 1344 449 1399 Vester
472 1346 563 1410 ait,
590 1361 688 1398 seu
711 1360 1033 1408 conservus3
1069 1344 1173 1396 tibi
1198 1343 1332 1411 quid
1357 1360 1475 1396 sum
1501 1344 1637 1410 ego?
1701 1342 1913 1409 Nempe

235 1420 324 1473 Tu
361 1421 491 1473 mihi
529 1421 622 1488 qui
662 1420 945 1488 imperitas
981 1419 1074 1472 alii
1114 1420 1285 1472 servis
1322 1420 1489 1472 miser
1529 1422 1695 1486 atque
1901 1431 1943 1469 81

237 1496 474 1550 Duceris
510 1502 574 1550 ut
608 1496 789 1549 nervis
827 1495 1020 1548 alienis
1056 1495 1257 1548 mobile
1291 1495 1513 1562 lignum.

239 1571 504 1637 Quisnam
540 1572 712 1640 igitur
746 1571 926 1624 liber?
999 1570 1228 1640 Sapiens
1265 1570 1368 1623 sibi
1406 1570 1498 1638 qui
1536 1568 1873 1640 imperiosus,

240 1648 419 1711 Quem
436 1659 615 1715 neque
630 1647 918 1716 pauperies
937 1662 1116 1713 neque
1135 1662 1281 1699 mors
1299 1662 1477 1713 neque
1493 1643 1707 1697 vincula
1723 1645 1948 1709 terrent,

242 1722 587 1792 Responsare
623 1721 984 1791 cupidinibus,
1022 1724 1371 1775 contemnere
1407 1721 1638 1773 honores
1900 1732 1948 1771 85

242 1797 442 1867 FortiS,
479 1802 536 1852 et
571 1798 626 1850 in
666 1815 723 1851 se
758 1798 876 1866 ipso
911 1801 1077 1863 totuS,
1117 1800 1277 1863 teres,
1315 1800 1489 1882 atque·
1516 1793 1796 1861 rotundus,

243 1872 475 1926 Externi
513 1891 581 1926 ne
617 1873 752 1942 quid
789 1873 968 1926 valeat
1002 1889 1102 1939 per
1138 1872 1259 1924 leve
1294 1870 1508 1936 morari,

243 1949 313 2002 In
350 1965 509 2016 quem
549 1965 738 2002 manea
771 1949 887 2001 ruit
922 1944 1140 2015 semper
1174 1947 1406 2000 fortuna.
1480 1911 1713 1998 Potesne

244 2025 330 2078 Ex
365 2024 450 2077 his
485 2028 548 2077 ut
583 2041 649 2096 pl
650 2040 862 2092 oprium
900 2022 1033 2091 quid
1068 2024 1333 2075 noscere?
1408 2020 1657 2089 Quinque
1692 2019 1901 2074 talenta

246 2100 429 2153 Poscit
462 2103 521 2153 te
555 2099 764 2165 mulier,
802 2102 966 2151 vexat
1000 2097 1315 2166 foribusque
1351 2096 1629 2163 repulsum
1903 2111 1949 2152 90

247 2175 537 2228 Perfundit
572 2175 769 2242 gelida,
807 2190 996 2236 rursus
1032 2176 1221 2237 vocat3
1258 2172 1409 2240 eripe
1443 2171 1593 2239 turpi

247 2251 397 2304 Colla
421 2250 589 2319 jug03
627 2250 807 2318 Liber,
842 2249 983 2302 liber
1020 2266 1156 2315 sum,
1194 2247 1282 2300 dic
1317 2263 1434 2314 age.
1502 2247 1625 2299 Non
1663 2246 1814 2314 quis;

249 2327 427 2393 Urget
462 2327 607 2379 enim
645 2324 898 2378 dominus
934 2328 1177 2377 mentem
1212 2339 1319 2375 non
1353 2321 1490 2374 lenis
1526 2326 1584 2374 et
1619 2338 1772 2374 acres

248 2401 530 2470 Subjectat
564 2401 705 2454 lasso
749 2400 1000 2453 stimulos
1036 2402 1330 2466 versatque
1367 2399 1670 2464 negantem.

248 2476 352 2530 Vel
387 2493 509 2530 cum
548 2476 808 2529 Pausiaca
843 2480 1043 2543 torpes,
1079 2474 1284 2537 insane,
1321 2472 1535 2537 tabella,
1906 2487 1951 2525 ⁹⁵

251 2551 351 2616 Qui
386 2568 577 2621 peccas
614 2552 792 2604 minus
828 2554 995 2618 atque
1031 2566 1148 2617 ego,
1186 2565 1309 2601 eum
1347 2546 1503 2599 Fulvi
1541 2544 1905 2613 Rutubaeque

251 2632 365 2682 Aut
402 2627 713 2680 Pacideiani
749 2630 1005 2680 contento
1042 2624 1253 2693 poplite
1287 2622 1455 2675 miror

172 2766 177 2770 q
253 2703 460 2756 Proelia
494 2703 714 2755 rubrica
748 2703 898 2770 picta
934 2704 1030 2754 aut
1065 2699 1314 2767 carbone,
1350 2697 1500 2750 velut
1536 2695 1580 2749 si

255 2779 332 2833 Re
365 2796 492 2833 vera
527 2782 786 2846 pugnent,
823 2777 1040 2843 feriant,
1078 2776 1364 2841 vitentque
1398 2774 1682 2824 moventes

257 2858 420 2909 Arma
455 2854 593 2908 viri?
668 2853 920 2920 Nequam
959 2855 1017 2905 et
1054 2853 1292 2904 cessator
1328 2849 1543 2911 Davus3
1578 2849 1639 2901 at
1671 2846 1791 2915 ipse
1887 2860 1951 2899 100

256 2930 471 2985 Subtilis
507 2932 758 2983 veterum
784 2928 962 2995 judex
1000 2930 1057 2979 et
1094 2925 1321 2979 callidus
1357 2923 1528 2976 audis.

257 3006 342 3060 Nil
373 3022 475 3074 ego
513 3005 559 3057 si
598 3004 767 3057 ducor
804 3003 913 3056 libo
948 3003 1219 3054 fumante·
1256 2999 1358 3052 tibi
1393 2998 1582 3065 ingens

259 3081 440 3134 Virtus
475 3084 642 3148 atque
679 3079 889 3131 animus
925 3077 1107 3129 coenis
1144 3078 1429 3143 responsat
1465 3071 1657 3140 opimis

260 3155 584 3222 Obseqiuum
620 3154 826 3206 ventris
863 3153 993 3204 mihi
1029 3150 1381 3219 peiniciosius
1418 3153 1504 3202 est
1539 3148 1674 3202 cur?

335 3228 389 3272 12⁴·
