2217 3559
755 140 1160 190 CARMINUM
1196 140 1298 188 ῙΠ.
1338 142 1414 187 25.
1872 140 1933 187 63

499 225 604 280 Vel
640 240 740 276 nos
778 223 836 274 in
871 239 1022 276 mare
1056 220 1364 289 proximum

568 301 830 354 Gemmas
866 301 924 349 et
959 297 1171 366 lapides
1207 312 1399 348 aurum
1438 298 1496 348 et
1531 295 1738 364 inutile,

498 374 707 431 Summi
745 374 1032 426 materiem
1068 371 1214 438 mali,

568 451 860 503 Mittamus
898 448 1167 501 scelerum
1204 446 1251 498 si
1284 445 1426 499 bene
1461 446 1723 513 poenitet.
1887 465 1933 504 50

499 525 795 580 Eradenda
829 523 1104 591 cupidinis

571 601 731 654 Pravi
768 602 899 653 sunt
934 599 1221 664 elementa,
1260 600 1318 650 et
1352 599 1578 650 tenerae
1614 598 1778 651 nimis

498 678 557 732 M
564 680 718 730 entes
754 673 1125 744 asperioribus

570 752 911 805 Formandae
949 749 1164 802 studiis,
1237 748 1426 801 Nescit
1462 764 1603 816 equo
1638 748 1792 801 rudis

498 827 748 880 Haerere
782 827 1052 894 ingenuus
1087 839 1227 891 puer
1888 838 1933 878 ω

565 903 880 971 Venarique
916 901 1096 966 timet,
1135 898 1328 952 ludere
1365 897 1590 965 doctior,

497 977 607 1032 Seu
643 978 854 1031 Graeco
881 975 1082 1044 jubeas
1120 975 1312 1029 trocho

566 1053 675 1107 Seu
709 1053 867 1106 malis
902 1052 1074 1105 vetita
1109 1051 1326 1118 legibus
1362 1049 1494 1117 alea,

499 1129 637 1183 Cum
673 1129 899 1198 perjura
934 1127 1113 1195 patris
1149 1127 1290 1179 fides

567 1206 890 1258 Consortem
929 1202 1136 1255 socium
1172 1202 1327 1255 fallat
1362 1204 1422 1256 et
1455 1201 1726 1272 hospitem
1884 1218 1930 1258 σο

498 1279 844 1348 Indignoque
881 1278 1169 1347 pecuniam

567 1356 777 1408 Heredi
813 1359 1088 1422 properet.
1160 1353 1378 1409 Scilicet
1413 1354 1694 1424 improbae

499 1431 766 1484 Crescunt
802 1431 1064 1496 divitiae3
1104 1435 1290 1484 tamen

563 1506 766 1561 Curtae
800 1507 980 1560 nescio
1018 1507 1153 1575 quid
1189 1522 1408 1574 semper
1442 1506 1601 1560 abest
1635 1511 1731 1560 rei‘.

496 1729 615 1793 Quo
651 1746 756 1795 me,
798 1728 1026 1795 Bacche,
1066 1729 1212 1797 rapis
1248 1731 1330 1783 tui

567 1806 794 1858 Plenum
810 1807 829 1858 2
855 1822 995 1873 quae
1013 1822 1237 1857 nemora
1250 1809 1346 1858 aut
1361 1822 1497 1873 quos
1513 1822 1644 1874 agor
1657 1806 1711 1858 in
1731 1822 1923 1874 specus

493 1879 670 1935 Velox
706 1884 893 1934 mente
928 1883 1101 1934 nova?
1140 1880 1338 1949 quibus

570 1958 763 2010 Antris
799 1956 1010 2024 egregii
1048 1957 1295 2009 Caesaris
1331 1956 1521 2010 audiar

495 2033 799 2085 Aeternum
835 2032 1108 2085 meditans
1145 2032 1310 2085 decus
1902 2050 1926 2089 6

563 2108 747 2162 Stellis
782 2108 1023 2161 inserere
1060 2111 1119 2160 et
1154 2108 1373 2161 consilio
1410 2109 1449 2162 J
1453 2109 1609 2164 ovis?

492 2183 684 2237 Dicam
721 2184 933 2251 insigne
970 2200 1160 2237 recens
1195 2184 1374 2236 adhuc

562 2260 838 2313 Indictum
874 2276 969 2312 ore
1002 2259 1123 2313 alio,
1193 2260 1320 2312 Non
1357 2275 1510 2312 secus
1545 2260 1602 2313 in
1628 2261 1782 2329 jugis

494 2335 783 2388 Exsomnis
821 2340 1008 2403 stupet
1045 2335 1211 2388 Euias

564 2410 815 2464 Hebrum
850 2410 1187 2479 prospiciens
1224 2413 1282 2464 et
1317 2410 1442 2463 nive
1479 2410 1774 2464 candidam
1885 2435 1925 2467 w

491 2485 738 2539 Thracen
772 2502 835 2539 ac
869 2486 1012 2553 pede
1046 2485 1281 2538 barbaro

562 2561 874 2615 Lustratam
912 2560 1231 2630 Rhodopen,
1266 2566 1331 2615 ut
1366 2562 1498 2615 mihi
1536 2561 1695 2616 devio

494 2635 664 2704 Ripas
701 2641 761 2690 et
796 2653 1025 2690 vacuum
1061 2653 1258 2689 nemus

562 2712 753 2765 Mirari
788 2712 940 2766 libet.
1013 2712 1060 2764 Ο
1099 2712 1377 2765 Naiadum
1411 2716 1607 2781 potens

495 2786 944 2856 Baccharumque
979 2788 1277 2841 valentium
1879 2805 1923 2845 15

562 2863 820 2916 Proceras
854 2863 1105 2915 manibus
1142 2868 1359 2917 vertere
1392 2864 1647 2932 fraxinos,

492 2937 545 2990 N
547 2937 581 2989 il
620 2955 849 3005 parvum
885 2941 982 2991 aut
1016 2938 1208 2990 humili
1244 2939 1422 3006 mode,

560 3013 653 3066 Nil
689 3013 916 3067 mortale
952 3013 1156 3082 loquar.
1227 3013 1401 3068 Dulce
1436 3014 1738 3083 periculum
1775 3020 1872 3082 est,

490 3087 541 3141 Ο
579 3088 808 3155 Lenaee,
848 3089 1004 3156 sequi
1041 3089 1206 3142 deum

561 3163 888 3232 Oingent-em
923 3163 1086 3217 viridi
1123 3169 1374 3233 tempora
1407 3166 1676 3233 pampino,
