2217 3559
233 100 294 146 68

814 96 1231 145 CARMINUM
1265 97 1373 147 111.
1410 98 1488 146 30.

510 176 758 233 Fortuna
792 191 953 229 saevo
988 177 1136 229 laeta
1169 177 1391 243 negotio
1426 179 1485 229 et

511 252 730 308 Ludum
766 251 1093 304 insolentem
1126 251 1321 304 ludere
1355 251 1610 320 pertinax
1912 271 1974 309 sc

581 327 934 382 Transmutat
967 328 1206 380 incertos
1241 327 1491 393 honores,

651 404 703 455 N
708 419 811 456 une
845 403 994 470 mihi,
1028 420 1172 456 nunc
1207 403 1301 455 alii
1336 402 1584 470 benigna.

514 479 704 535 Laudo
739 483 1048 533 manentem
1071 500 1084 544 ;
1118 478 1166 531 si
1195 479 1405 532 celeres
1440 481 1621 546 quatit

512 555 732 609 ,Pennas
767 556 982 623 resigno
1019 572 1161 622 quae
1193 554 1368 620 dedit,
1405 558 1464 607 et
1497 572 1622 610 mea

585 631 811 684 Virtute
845 647 935 684 me
969 631 1183 684 involvo
1214 630 1552 698 probamque
1913 655 1978 699 53μ

658 706 980 774 Pauperiem
1014 705 1133 758 sine
1166 706 1299 759 dote
1334 720 1550 773 quaero,

518 780 645 836 Non
681 785 768 834 est
801 797 984 835 meum
1020 780 1067 833 si
1101 781 1313 848 mugiat
1348 781 1552 833 Africis

515 856 699 911 Malus
734 856 984 924 procellis
1019 856 1093 909 ad
1128 856 1354 910 miseras
1390 873 1577 923 preces

585 933 909 999 Decurrere,
945 936 1004 986 et
1036 932 1179 985 vot-is
1212 932 1410 1000 pacisci

657 1008 745 1061 Ne
781 1007 1008 1075 Cypriae
1044 1008 1344 1075 Tyriaeque
1378 1024 1585 1062 merces
1906 1029 1968 1065 «m

518 1082 754 1138 Addant
786 1100 948 1136 avaro
983 1082 1204 1136 divitias
1238 1084 1408 1137 mari:

515 1160 672 1213 Tune
704 1175 793 1212 me
826 1158 1051 1212 biremis
1084 1158 1360 1226 praesidio
1394 1159 1624 1227 scaphae

590 1235 791 1287 Tutum
826 1250 926 1301 per
964 1237 1214 1300 Aegaeos
1248 1234 1517 1288 tumultus

658 1312 817 1362 Aura
850 1308 993 1362 feret
1024 1310 1386 1378 geminusque
1422 1309 1630 1364 Pollux,

520 1540 703 1592 Exnel
738 1543 1146 1592 monumentum
1182 1555 1311 1592 aere
1344 1540 1633 1606 perennius

522 1616 821 1683 Regalique
855 1615 966 1667 situ
998 1614 1337 1682 pyramidum
1372 1615 1550 1680 altius,

517 1691 683 1755 Quod
717 1708 824 1743 non
858 1690 1034 1743 imber
1067 1690 1225 1756 edax,
1261 1706 1369 1742 non
1407 1691 1609 1758 Aquilo
1642 1690 1920 1759 nnpoeens

523 1766 705 1819 Possit
740 1766 959 1818 diruere
985 1770 1091 1818 aut
1125 1765 1534 1818 innumerabilis

520 1843 806 1896 Annorum
841 1843 1009 1893 series
1045 1844 1103 1893 et
1137 1841 1266 1907 fuga
1297 1843 1620 1909 temporum.
1924 1861 1955 1901 ε

519 1917 574 1971 N
577 1933 648 1969 on
675 1916 853 1969 omnis
886 1916 1102 1982 moriar,
1140 1916 1422 1984 multaque
1453 1933 1581 1984 pars
1616 1920 1724 1970 mei

522 1992 740 2045 Vitabit
775 1991 1100 2045 Libitinam:
1136 2007 1312 2059 usque
1346 2007 1447 2058 ego
1481 1996 1699 2059 postera

517 2068 774 2120 Creseam
808 2066 971 2120 laude
1004 2083 1197 2120 reeens
1232 2067 1363 2119 chun
1400 2067 1723 2134 Capitolium

516 2142 761 2195 Scandet
795 2159 918 2194 eum
952 2142 1120 2195 tacita.
1149 2142 1363 2209 virgine
1396 2143 1657 2208 pontifex.

519 2217 689 2271 Dicar
724 2217 1069 2285 quaviolens
1104 2215 1374 2285 obstrepit
1410 2217 1645 2270 Aufidus
1903 2236 1950 2278 ιο

519 2292 597 2347 Et
632 2309 740 2360 qua
772 2309 980 2360 pauper
1013 2309 1188 2360 aquae
1225 2292 1452 2344 Daunus
1486 2292 1777 2360 agrestiun>

522 2367 793 2434 Regnavit
826 2367 1164 2437 populorum,
1199 2383 1270 2420 ex
1304 2367 1494 2420 humili
1528 2373 1734 2436 potens,

520 2442 784 2510 Princeps
821 2442 1075 2496 Aeolium
1106 2459 1328 2496 carmen
1362 2443 1435 2495 acl
1471 2443 1641 2496 Italos

520 2517 831 2572 Deduxisse
866 2516 1070 2571 modos.
1139 2517 1305 2571 Sume
1333 2517 1649 2585 snperbiam

519 2592 837 2656 Quaesitam
871 2592 1082 2645 meritis
1118 2596 1176 2645 et
1209 2591 1342 2644 mihi
1379 2592 1644 2660 Delphica
1804 2657 1818 2669 ·
1901 2614 1949 2652 15

521 2666 704 2723 Lauro
738 2667 891 2737 cinge
926 2667 1127 2738 volens,
1162 2667 1522 2738 Melpomene,
1556 2681 1788 2722 commu.

2150 1666 2171 1756 ..Δί
