2217 3559
297 101 388 148 100
845 103 1119 152 HORATI
1127 103 1152 151 Ι
1189 102 1450 152 FLACGI

293 177 470 243 Quam
504 195 685 249 neque
719 180 940 234 finitimi
975 181 1265 235 valuerunt
1299 182 1536 249 perdere
1573 182 1745 237 Marsi

358 253 591 307 Minaeis
625 259 722 308 aut
763 255 993 309 Etrusca
1030 255 1307 309 Porsenae
1342 272 1549 320 manuS,

291 329 528 382 Aemula
560 346 664 383 nec
696 331 873 383 virtus
910 330 1130 398 Capuae
1163 347 1268 383 nec
1304 331 1599 399 Spartacus
1627 349 1756 387 acer
1997 351 2028 391 ε

358 405 410 458 N
415 406 638 474 ovisque
672 406 839 459 rebus
874 405 1113 458 infidelis
1151 406 1433 473 Allobrox,

288 479 406 534 Nec
440 481 558 534 fera
590 481 840 534 caerulea
875 481 1089 534 domuit
1126 481 1423 535 Germania
1456 482 1606 549 pube

357 555 794 626 Parentibusque
831 556 1177 610 abominatus
1215 557 1511 625 Hannibal,

288 630 466 697 Impia
500 631 795 699 perdemus
831 631 1016 684 devoti
1052 632 1333 700 sanguinis
1368 637 1538 701 aetaS,

354 706 620 775 Ferisque
653 723 843 760 rursus
867 706 1221 774 occupabitur
1257 709 1447 761 solum.
1963 727 2009 765 io

287 781 562 835 Barbarus
600 783 706 836 heu
742 785 952 836 cineres
987 783 1209 836 insistet
1243 784 1418 837 victor
1452 787 1512 838 et
1548 784 1757 840 Urbem

356 857 536 925 Eques
573 864 801 912 sonante
834 858 1153 912 verberabit
1186 859 1407 927 ung-ula,

285 932 546 1001 Quaeque
582 938 771 987 carent
807 934 985 986 ventis
1021 937 1080 987 et
1118 934 1322 987 solibus
1357 951 1482 989 ossa
1517 935 1748 1005 Quirini,

352 1008 520 1061 Nefas
555 1009 775 1062 videre!
817 1008 1107 1076 dissipabit
1142 1009 1395 1064 insolens,

282 1082 449 1137 Forte
484 1085 619 1154 quid
655 1083 912 1152 expediat
947 1085 1307 1138 communiter
1340 1089 1438 1139 aut
1471 1086 1665 1139 melior
1699 1101 1829 1154 pars
1953 1103 2001 1142 15

349 1160 511 1213 Malis
547 1177 734 1213 carere
771 1160 1037 1228 quaeritis
1072 1159 1380 1215 laboribusz

279 1234 446 1288 Nulla
480 1236 552 1290 sit
588 1236 688 1288 hac
722 1235 902 1304 potior
944 1235 1230 1302 sententia,
1269 1236 1641 1290 Phocaeorum

348 1311 517 1365 Velut
552 1312 794 1379 profugit
828 1316 1111 1365 exsecrata
1146 1312 1337 1365 civitas

279 1387 462 1454 Agros
496 1392 663 1455 atque
700 1388 868 1440 Lares
901 1388 1108 1455 patrios
1146 1387 1551 1457 habitandaque
1585 1389 1712 1443 fana

347 1465 516 1532 Apris
551 1464 774 1531 reliquit
809 1466 867 1517 et
902 1464 1189 1531 rapacibus
1224 1464 1380 1532 lupiS,
1934 1482 1987 1521 ρο

279 1537 371 1592 Ire
406 1538 577 1607 pedes
612 1555 935 1607 quocunque
972 1539 1167 1605 ferent,
1205 1555 1526 1608 quoeunque
1561 1556 1663 1608 per
1698 1538 1876 1595 undas

346 1614 525 1668 Notus
560 1613 775 1668 vocabit
809 1618 906 1667 aut
940 1619 1228 1682 protervus
1267 1616 1503 1670 Africus.

277 1688 364 1742 Sic
398 1690 616 1758 placet?
664 1707 731 1742 an
768 1690 963 1743 melius
997 1691 1124 1758 quis
1156 1690 1325 1744 habet
1360 1692 1591 1744 suadere
1611 1692 1953 1747 i—Seeunda

346 1765 544 1819 Ratem
580 1782 846 1831 occupare
879 1765 1013 1833 quid
1049 1782 1326 1818 moramur
1360 1767 1492 1820 alite
1507 1772 1525 1820 Ἰ

275 1839 385 1894 Sed
414 1841 664 1908 juremus
699 1842 754 1893 in
791 1842 953 1894 haec:
998 1841 1168 1894 Simul
1204 1842 1329 1894 imis
1362 1856 1494 1896 saxa
1518 1844 1762 1898 renarint
1925 1860 1972 1900 25

344 1917 515 1970 Vadis
552 1917 743 1984 levata,
779 1932 849 1970 ne
883 1916 1064 1969 redire
1102 1918 1176 1969 sit
1210 1917 1398 1981 nefas3

270 1992 397 2046 Neu
431 2008 691 2046 conversa
727 1992 947 2044 domum
982 1992 1171 2060 pigeat
1206 1991 1339 2046 dare
1374 1993 1556 2060 lintea,
1592 1995 1812 2063 quande

341 2069 522 2122 Padus
561 2069 774 2122 Matina
807 2067 1001 2120 laverit
1039 2068 1331 2137 cacumina,

272 2144 335 2196 In
373 2161 522 2198 mare
559 2160 657 2197 seu
690 2142 864 2197 celsus
899 2144 1229 2211 procurrerit
1268 2146 1606 2213 Apenninus,

338 2220 598 2288 Novaque
635 2223 877 2272 monstra
903 2218 1155 2285 junxerit
1188 2219 1416 2274 libidine
1915 2240 1961 2277 ω

267 2294 443 2348 Mirus
478 2311 643 2361 amor,
671 2294 834 2361 juvet
865 2299 928 2347 ut
961 2294 1136 2361 tigres
1173 2294 1453 2349 subsidere
1490 2297 1682 2362 cervis,

336 2370 703 2423 Adulteretur
738 2374 794 2423 et
830 2368 1078 2422 columba
1112 2368 1293 2434 miluo,

266 2445 501 2499 Credula
534 2461 635 2498 nec
670 2461 827 2497 ravos
863 2445 1095 2497 timeant
1132 2448 1382 2497 armenta
1418 2445 1619 2512 leoneS,

335 2523 609 2589 Ametque
645 2521 787 2573 salsa
820 2519 955 2573 levis
990 2520 1173 2572 hircus
1210 2536 1462 2587 aequora.

183 2645 200 2657 ,
261 2595 415 2650 Haec
450 2599 507 2650 et
542 2612 681 2665 quae
717 2598 977 2664 poterunt
1011 2594 1225 2647 reditus
1260 2595 1576 2648 absciiidere
1611 2594 1800 2650 dulces
1906 2611 1951 2653 ³⁵

328 2673 528 2725 Eamus
563 2671 739 2724 omnis
776 2674 1057 2724 exsecrata
1091 2671 1299 2735 civita3‚

259 2751 375 2802 Aut
408 2763 536 2816 pars
570 2746 787 2799 indocili
823 2746 1015 2798 melior
1047 2762 1182 2813 gre-:-
1186 2764 1245 2810 e;
1281 2745 1456 2798 mollis
1491 2749 1549 2799 et
1584 2761 1784 2815 exspes

323 2823 629 2876 Inominata
665 2822 967 2890 perprimat
1004 2822 1124 2874 cubi
1130 2821 1239 2885 lia3

259 2897 365 2952 Vos
400 2898 597 2967 quibus
635 2903 721 2950 est
757 2897 930 2953 virtus
965 2896 1290 2948 muliebrem
1325 2894 1502 2949 tollite
1536 2864 1746 2950 luctum

316 2974 547 3026 Etrusca
581 2977 800 3040 praeter
837 2976 895 3023 et
929 2971 1108 3023 volate
1146 2969 1345 3023 littora.
1886 2985 1920 3021 ι]

250 3046 362 3100 Nos
397 3051 584 3099 manet
620 3047 865 3098 Oceanus
902 3045 1296 3109 circumvagus:
1338 3060 1481 3110 arva,
1518 3044 1682 3101 beata

323 3121 582 3174 Petamus
617 3136 748 3172 arva
782 3119 981 3171 divites
1017 3124 1077 3171 et
1111 3118 1329 3187 insulas,
1367 3123 1372 3127 “

2137 1669 2177 1757 {f
