2217 3559
286 98 377 144 112
833 96 934 145 He
942 97 1137 146 RATII
1175 97 1433 148 FLAOGI

284 175 415 249 Plus
452 192 626 245 aequo
662 177 814 245 liber,
852 179 1081 245 simplex
1117 177 1382 247 sorbisque
1418 177 1721 243 habeatur-3

284 251 504 304 Caldior
539 258 637 317 est,
670 269 822 306 acres
856 254 1004 306 inter
1039 258 1375 307 numeretur.
1447 253 1658 322 Opinor

285 326 441 380 Haec
476 344 563 380 res
600 331 658 381 et
684 327 870 395 jungit
897 328 1119 395 junctos
1155 333 1212 382 et
1248 331 1429 381 servat
1462 330 1681 383 amicos,

286 405 366 455 At
401 419 498 455 nos
534 403 769 456 virtutes
805 405 950 471 ipsas
985 404 1321 470 invertimuS,
1359 408 1527 471 atque
1939 409 1989 450 55

286 478 568 532 Sincerum
604 480 847 547 cupimus
884 497 977 533 vas
1013 481 1332 533 incrustare.
1407 478 1618 533 Probus
1655 479 1783 548 quis

286 554 585 607 Nobiscum
621 556 769 622 vivit,
807 557 1039 608 multum
1079 556 1348 609 demissus
1384 556 1573 609 homo:
1608 555 1689 608 illi

287 629 465 683 Tarde
500 647 797 699 cognomen
834 632 1024 698 pingui
1063 631 1269 684 damus.
1343 631 1452 685 Hic
1484 632 1627 699 fugit
1663 647 1855 685 omnes

288 706 524 759 Insidias
559 707 799 774 nullique
837 707 977 759 malo
1012 707 1156 760 latus
1191 707 1348 760 obdit
1382 711 1647 776 apertum,

289 782 426 836 Cum
463 799 633 850 genus
670 783 770 836 hoc
804 783 950 835 inter
986 783 1132 836 vitae
1167 786 1417 835 versetur
1451 783 1546 835 ubi
1580 783 1723 836 aeris

289 857 504 910 Invidia
539 862 704 926 atque
742 857 927 924 vigent
960 857 1057 910 ubi
1092 859 1332 926 crimina,
1368 875 1468 926 pro
1502 858 1643 911 bene
1679 875 1814 912 sano

289 935 376 987 Ae
410 949 516 986 non
552 934 769 986 incauto
804 933 991 986 fictum
1026 937 1379 1002 astutumque
1414 951 1679 988 vooemuS.

290 1009 594 1077 Simplicior
630 1010 751 1077 quis
789 1013 845 1062 et
882 1012 981 1075 est,
1020 1009 1234 1077 qualem
1272 1026 1360 1062 me
1398 1027 1559 1077 saepe
1594 1010 1833 1062 libenter

290 1084 597 1137 Obtulerim
632 1084 750 1152 tibi,
791 1085 1093 1150 MaeeenaS,
1135 1091 1197 1137 ut
1231 1084 1375 1138 forte
1412 1085 1685 1152 legentem

291 1163 410 1214 Aut
444 1162 669 1213 tacitum
707 1160 950 1227 impellat
985 1161 1176 1228 quovis
1212 1177 1458 1213 sermone
1493 1160 1768 1228 molestus»,
1952 1175 2000 1213 ⁶:

291 1236 576 1289 Communi
613 1253 775 1289 sensu
811 1237 969 1304 plane
1006 1240 1174 1303 caret,
1210 1236 1498 1303 inquimus.
1569 1236 1738 1301 Eheu,

292 1311 465 1374 Quam
501 1316 708 1364 temere
744 1312 797 1363 in
834 1316 1048 1364 nosmet
1085 1312 1263 1378 legem
1301 1311 1567 1364 sancimus
1606 1310 1876 1378 iniquam!

292 1387 434 1439 Nam
470 1387 615 1440 vitiis
651 1403 809 1439 nemo
846 1387 960 1440 sine
997 1387 1272 1450 nascitur3
1308 1387 1546 1454 optimus
1579 1385 1671 1439 ille
1708 1392 1796 1440 est

293 1463 397 1526 Qui
433 1462 668 1515 minimis
703 1467 944 1529 urgetur.
1018 1463 1244 1514 Amicus
1282 1461 1454 1514 dulcis
1489 1466 1554 1515 ut
1589 1479 1826 1530 aequum
1862 1466 1950 1517 est

294 1539 432 1592 Cum
467 1555 590 1591 mea
625 1542 934 1605 compenset
970 1537 1117 1590 vitiis
1156 1537 1328 1601 bona3
1364 1537 1612 1604 pluribus
1647 1538 1797 1592 hisce
1950 1553 1999 1591 70

295 1614 371 1679 (Si
407 1614 568 1667 modo
603 1614 761 1682 plura
795 1614 926 1665 mihi
962 1613 1104 1666 bona
1142 1614 1284 1678 sunt)
1321 1612 1560 1680 inclinet,
1596 1614 1768 1667 amari

295 1691 352 1743 81
388 1690 559 1744 volet:
596 1691 695 1742 hac
733 1691 849 1756 lege
885 1690 940 1741 in
977 1691 1186 1742 trutina
1219 1692 1455 1757 ponetur
1490 1689 1699 1745 eadem.

296 1766 401 1829 Qui
435 1783 505 1819 ne
539 1765 823 1819 tuberibus
859 1766 1092 1833 propriis
1129 1764 1369 1817 offendat
1404 1765 1638 1818 amicum

298 1842 548 1895 Postulat
581 1843 825 1908 ignoscet
860 1841 1098 1894 verrucis
1134 1841 1307 1905 illius;
1344 1857 1577 1909 aequum
1615 1844 1700 1894 est

298 1917 540 1970 l'eccatis
576 1918 788 1970 veniam
822 1920 1138 1983 poscentem
1174 1916 1414 1969 reddere
1451 1933 1653 1970 rursus.
1955 1932 2005 1972 75

297 1993 563 2060 Denique,
600 1996 868 2060 quatenus
903 1992 1080 2045 excidi
1116 1993 1335 2059 penitus
1370 1992 1565 2045 vitium
1598 1994 1713 2046 irae

212 2136 221 2140 ὁ
298 2068 497 2121 Cetera
530 2068 663 2120 item
699 2071 982 2136 nequeunt
1018 2068 1202 2121 stultis
1237 2067 1536 2135 haerentia,
1574 2086 1671 2123 cur
1704 2085 1815 2122 non

298 2143 639 2197 Ponderibus
673 2144 1017 2211 modulisque
1054 2143 1166 2196 suis
1201 2143 1342 2196 ratio
1376 2143 1569 2211 utitur,
1606 2160 1670 2197 ac
1704 2161 1795 2198 res

296 2220 378 2273 Ut
414 2235 662 2289 quaeque
697 2223 783 2272 est
818 2220 897 2273 ita
933 2219 1210 2287 suppliciis
1248 2219 1453 2273 delicta
1487 2223 1740 2274 coercet?

297 2296 355 2349 81
393 2294 514 2363 quis
550 2311 673 2347 eum
710 2311 925 2347 servum
960 2295 1200 2361 patinam
1237 2295 1332 2363 qui
1367 2295 1561 2348 tollere
1587 2295 1776 2364 jussus
1958 2312 2007 2349 30

297 2372 547 2425 Semesos
581 2370 754 2438 pisces
791 2371 1148 2438 tepidumque
1181 2371 1453 2437 ligurierit
1480 2371 1575 2439 jus

298 2448 367 2502 In
403 2464 561 2502 cruce
598 2447 825 2514 suffigat,
866 2446 1117 2498 Labeone
1153 2446 1391 2498 insanior
1425 2447 1573 2499 inter

298 2523 469 2576 Sanos
507 2521 732 2574 dicatur.
804 2521 1020 2585 Quanto
1057 2522 1159 2574 hoc
1194 2521 1450 2575 furiosius
1487 2526 1656 2592 atque

298 2597 480 2666 Majus
515 2600 797 2664 peccatum
833 2601 946 2649 est:
980 2596 1200 2663 paulum
1238 2596 1472 2665 deliquit
1506 2597 1727 2664 amicus,

299 2674 458 2738 Quod
492 2673 596 2726 nisi
633 2671 896 2725 concedas
930 2671 1167 2726 habeare
1202 2673 1457 2740 ins-sarm,
1493 2672 1725 2727 acerbus
1960 2690 2006 2727 55

298 2742 481 2803 Odisti
516 2752 575 2803 et
609 2748 751 2816 fugis
785 2752 850 2801 ut
887 2748 1165 2800 Rusonem
1204 2747 1423 2801 debitor
1456 2749 1614 2817 aeris,

299 2826 404 2890 Qui
440 2825 544 2878 nisi
580 2841 701 2878 cum
739 2824 927 2878 tristes
963 2824 1161 2876 misero
1198 2839 1398 2877 venere
1439 2823 1727 2879 Kalendae

298 2901 616 2954 Mercedem
651 2904 748 2953 aut
783 2915 1033 2952 nummos
1069 2899 1216 2951 unde
1252 2898 1401 2953 unde
1437 2901 1688 2968 extricat,
1723 2917 1938 2954 amaras

301 2977 558 3029 Porrecto
585 2975 780 3042 jugulo
817 2975 1069 3027 historias
1107 2973 1353 3041 captivus
1389 2977 1456 3029 ut
1490 2976 1661 3031 audit.

301 3051 635 3105 Comminxit
671 3051 875 3102 lectum
910 3054 1072 3117 potus
1109 3065 1364 3103 mensave
1400 3051 1644 3105 catillum
1965 3070 2008 3106 ω

302 3126 542 3180 Evandri
577 3124 827 3177 manibus
861 3124 1057 3176 tritum
1094 3123 1313 3193 dejecit,
1350 3125 1423 3179 ob
1457 3127 1597 3180 hanc
1634 3142 1750 3181 rem
