2217 3559
285 107 345 152 98

835 102 1144 151 HORATII
1180 102 1442 151 FLACOI

422 183 702 238 Inachiam
726 185 815 235 ter
838 185 997 235 nocte
1020 185 1196 249 poteS,
1222 181 1352 234 mihi
1378 198 1597 248 semper
1620 180 1695 235 ad
1718 165 1910 235 unum'
1978 193 2023 232 ιι

489 257 671 310 Mollis
706 272 854 326 opus,
926 256 1124 309 Pereat
1161 257 1303 309 male
1343 273 1484 323 quae
1520 261 1579 309 te

421 333 619 386 Lesbia
653 335 939 401 quaerenti
976 336 1197 384 taurum
1236 332 1565 384 monstravit
1601 331 1857 397 inertem,

490 410 628 462 Cum
663 408 796 460 mihi
833 408 975 461 Cous
1011 407 1235 460 adesset
1274 409 1559 474 Amyntas,

424 484 592 552 Cujus
626 484 683 536 in
719 483 983 536 indomito
1021 483 1357 536 constantior
1394 483 1615 550 inguine
1652 497 1857 534 nervus

490 560 663 623 Quam
699 575 838 611 nova
873 558 1099 611 collibus
1136 558 1300 611 arbor
1334 557 1598 610 inhaeret.
1959 570 2013 608 2)

420 634 721 688 Muricibus
759 635 934 702 Tyriis
968 635 1203 687 iteratae
1240 633 1442 686 vellera
1476 633 1633 685 lanae

490 711 591 764 Cui
625 710 1097 779 properabantur2
1171 709 1292 762 Tibi
1327 726 1540 777 nempe,

420 787 506 839 Ne
540 787 685 839 foret
718 785 974 854 aequales
1009 786 1157 838 inter
1192 784 1430 851 conviva,
1467 783 1643 850 magis
1681 799 1846 851 quem

489 861 758 928 Diligeret
793 861 988 913 mulier
1024 877 1122 913 sua
1157 877 1320 928 quam
1355 864 1428 913 te.

420 936 467 989 Ο
504 954 605 1004 ego
642 953 750 989 non
784 936 931 1003 felix,
968 952 1131 1003 quam
1168 942 1232 988 tu
1265 935 1410 1002 fugis
1444 937 1508 986 ut
1544 936 1708 1001 pavet
1744 948 1901 985 acres
1949 948 2001 986 23

488 1014 650 1079 Agna
685 1012 840 1080 lupos
877 1026 1212 1079 capreaeque
1249 1009 1463 1064 leones!

1045 1152 1222 1206 XIII.

352 1235 621 1288 HORRIDA
654 1238 950 1304 tempestas
986 1235 1196 1288 caelum
1234 1233 1507 1288 contraxit
1544 1236 1605 1287 et
1641 1233 1851 1287 imbres

417 1311 693 1378 Nivesque
717 1310 996 1363 deducunt
1020 1311 1057 1362 J
1063 1327 1251 1373 ovem3
1286 1326 1429 1362 nunc
1454 1326 1623 1375 mare,
1646 1326 1791 1361 nunc
1819 1308 1998 1360 siluae

350 1385 598 1438 Threicio
636 1385 907 1452 Aquilone
945 1389 1170 1439 sonant:
1207 1386 1497 1452 rapiamus,
1534 1385 1709 1450 amici,

418 1461 765 1513 Occasionem
803 1460 873 1512 de
911 1460 1018 1527 die,
1056 1460 1297 1527 dumque
1335 1460 1517 1512 virent
1550 1475 1732 1526 genua

347 1535 422 1589 Et
457 1536 633 1599 decet,
669 1535 909 1589 obducta
943 1535 1185 1588 solvatur
1219 1535 1400 1588 fronte
1438 1540 1706 1588 senectus.
1965 1551 1993 1588 5

416 1611 497 1664 Tu
532 1612 658 1663 vina
693 1611 968 1678 Torquato
1005 1627 1163 1663 move
1199 1611 1417 1663 consule
1453 1626 1643 1678 pressa
1678 1627 1816 1663 mee.

349 1687 549 1740 Cetera
583 1682 744 1739 mitte
779 1686 959 1752 loqui:
999 1686 1136 1738 deus
1171 1686 1305 1738 haec
1340 1686 1573 1739 fortasse
1608 1685 1851 1752 benigna

417 1761 667 1814 Reducet
702 1762 758 1812 in
799 1761 985 1814 sedem
1021 1761 1152 1814 vice.
1223 1761 1275 1813 N
1280 1777 1384 1813 unc
1420 1765 1480 1814 et
1517 1760 1893 1815 Achaemenio

349 1836 612 1889 Perfundi
649 1836 822 1888 nardo
854 1835 1015 1903 juvat
1052 1841 1109 1889 et
1146 1836 1256 1888 fide
1295 1836 1551 1904 Cyllenea

417 1912 624 1965 Levare
660 1911 794 1964 diris
830 1915 1052 1980 pectora
1087 1910 1573 1976 sollicitudinibus3
1947 1927 1990 1964 ιο

345 1987 558 2040 Nobilis
595 1990 658 2039 ut
692 1987 887 2054 grandi
924 1986 1122 2039 cecinit
1160 1987 1469 2039 Centaurus
1505 1986 1756 2041 alumno:

416 2063 645 2128 Invicte‚
682 2062 928 2115 mortalis
964 2062 1070 2114 dea
1107 2065 1237 2114 nate
1272 2078 1410 2129 puer
1447 2062 1695 2127 Thetide,

345 2138 420 2191 Te
456 2141 641 2190 manet
679 2137 932 2190 Assaraci
968 2136 1147 2203 tellus,
1185 2153 1349 2203 quam
1385 2137 1587 2204 frigida
1621 2135 1775 2204 parvi

415 2213 663 2265 Findunt
701 2212 1016 2265 Scamandri
1051 2212 1276 2265 flumina
1312 2212 1554 2265 lubricus
1589 2217 1647 2264 et
1684 2211 1901 2278 Simo‘iS,

346 2288 508 2343 Unde
544 2287 647 2341 tibi
683 2288 923 2341 reditum
959 2292 1108 2341 certo
1144 2289 1453 2341 subtemine
1492 2288 1693 2341 Parcae
1941 2302 1982 2342 ιε

415 2365 650 2432 Rupere,
687 2379 786 2415 nec
822 2366 996 2416 mater
1031 2363 1250 2421 domum
1289 2363 1507 2416 caerula
1543 2367 1601 2416 te
1634 2362 1873 2416 revehet.

348 2440 470 2495 Illic
505 2455 665 2492 omne
701 2437 899 2491 malum
936 2438 1061 2490 vino
1097 2442 1370 2506 cantuque
1404 2439 1599 2505 levate,

416 2515 690 2567 Deformis
726 2513 1087 2580 aegrimoniae
1125 2513 1375 2567 dulcibus
1410 2513 1673 2582 alloquiis,

1053 2652 1211 2706 XIV.

482 2736 699 2793 Motus
734 2734 931 2789 inertia
966 2751 1063 2788 cur
1098 2740 1310 2788 tantam
1348 2735 1631 2790 diffuderit
1665 2734 1794 2790 imis
1887 2752 1892 2755 “

551 2813 893 2866 Oblivionem
930 2810 1193 2876 sensibuS,

482 2888 680 2942 Pocula
716 2887 984 2941 Lethaeos
1019 2890 1083 2938 ut
1120 2887 1165 2938 si
1201 2866 1458 2940 ducentia
1493 2901 1709 2969 somnos

551 2964 759 3015 Arente
791 2962 946 3014 fauce
981 2961 1259 3026 traxerim,

480 3036 726 3090 Candide
762 3037 1062 3101 Maecenas,
1100 3036 1301 3088 occidis
1339 3052 1501 3104 saepe
1536 3038 1813 3104 rogando·
1799 3079 1812 3091 .
1942 3053 1967 3094 z

549 3110 714 3176 Deus,
752 3110 887 3162 deus
922 3126 1045 3162 nam
1083 3125 1171 3161 me
1207 3114 1361 3162 vetat

2136 1670 2175 1751 ἒ
