2217 3559
731 116 1241 164 EPISTOLARUM
1277 117 1320 165 Ι.
1364 119 1436 175 12,
1846 120 1933 168 173

50 229 83 262 ,,
177 192 369 251 Dum
413 198 553 252 licet
583 214 648 251 ac
682 198 893 249 vulturii
931 201 1115 251 servat
1153 198 1398 253 Fortuna
1432 193 1742 268 benignum,
1888 216 1936 254 2⁰

34 3261 59 3378 μα’

184 271 445 327 Romae
480 274 736 326 laudetur
773 272 962 326 Samos
997 278 1056 327 et
1094 273 1258 326 Chios
1294 278 1353 327 ct
1399 274 1621 328 Rhodos
1655 276 1865 329 absens·

186 348 291 402 'su
337 365 732 418 quameunque
768 349 906 401 dous
941 348 1042 402 tibi
1078 349 1440 402 fortunaverit
1474 350 1664 403 horam

189 425 408 478 Grata
445 442 599 478 sume
633 441 814 491 manu,
850 441 956 478 neu
994 425 1172 477 dulcia
1209 425 1369 478 differ
1402 426 1458 478 in
1496 443 1710 494 annum,

191 498 293 552 Ut
340 517 675 570 quocunque
710 495 827 553 loco
860 501 1029 552 fueris
1067 501 1266 555 vixisse
1301 501 1538 554 libenter

193 574 289 628 Te
337 577 526 641 dicas;
562 592 688 628 nam
725 574 770 628 si
806 576 949 628 ratio
985 579 1044 629 et
1077 576 1371 643 prudentia
1406 594 1579 646 curas,
1891 594 1937 634 25

197 650 257 703 N
267 668 355 704 on
395 652 546 705 locus
581 651 738 705 effusi
770 651 882 705 late
919 651 1084 704 maris
1121 652 1329 705 arbiter
1364 654 1561 719 aufert,

201 727 458 781 Caelum
492 744 601 780 non
638 728 876 781 animum
914 731 1132 781 mutant
1167 728 1261 796 qui
1295 733 1449 782 trans
1485 745 1636 783 mare
1672 735 1913 783 currunt.

204 802 470 856 Strenua
505 819 604 856 nos
640 812 861 857 exercet
894 803 1119 858 inertia:
1156 803 1388 856 navibus
1423 808 1592 872 atque

207 879 527 946 Quadrigis
561 880 800 946 petimus
835 879 977 932 bene
1012 879 1208 933 vivere.
1282 879 1441 943 Quod
1475 881 1622 947 petis
1656 880 1746 934 hic
1782 884 1881 947 est,

207 953 334 1008 Est
368 954 612 1020 Ulubris,
651 956 863 1007 animus
899 955 945 1007 si
980 959 1039 1008 te
1074 972 1182 1008 nou
1219 955 1408 1008 deficit
1443 972 1665 1023 aequus.
1892 973 1938 1011 :o

1017 1096 1155 1152 XII.

210 1181 554 1235 ‘Fuso-nnus
594 1181 871 1248 Agrippae
909 1180 1102 1233 Siculis
1139 1197 1275 1249 quos
1311 1182 1533 1252 colligis,
1572 1183 1698 1252 Ioci,

220 1257 289 1310 Si
328 1262 479 1311 recte
513 1258 712 1309 frueris
747 1273 854 1309 nou
890 1260 976 1309 est
1010 1260 1074 1309 ut
1111 1258 1265 1324 copia
1300 1258 1477 1325 major

222 1333 327 1386 Ab
363 1333 400 1385 J
405 1349 505 1385 ove
545 1332 737 1384 donari
771 1332 1098 1399 possittibi.
1171 1332 1320 1385 Tolle
1357 1334 1650 1401 querelas}

225 1409 451 1478 Pauper
486 1409 634 1462 enim
668 1424 776 1460 non
813 1411 900 1461 est
934 1409 1021 1461 cui
1058 1425 1241 1462 rerum
1279 1410 1524 1477 suppetit
1559 1427 1703 1463 ustis.

225 1485 291 1538 Si
330 1485 508 1537 ventri
546 1483 698 1551 bene,
735 1483 782 1536 si
814 1482 976 1537 lateri
1015 1488 1100 1537 est
1135 1484 1479 1553 pedibusque
1513 1486 1639 1553 tuis,
1678 1485 1754 1538 nil
1910 1504 1936 1542 ε

227 1559 474 1613 Divitiae
509 1563 774 1628 poterunt
807 1560 1019 1626 regales
1055 1560 1262 1613 addere
1298 1560 1489 1628 majus

229 1635 292 1688 Si
325 1636 470 1689 forte
504 1636 562 1687 in
600 1634 781 1687 medlo
816 1635 1116 1702 positorum
1151 1634 1449 1689 abstemius
1484 1635 1675 1690 herbis

229 1708 390 1763 Vivis
421 1714 480 1765 et
513 1712 704 1777 urtica,
742 1710 817 1762 sic
852 1710 1001 1763 vivos
1035 1710 1285 1778 protinus
1321 1715 1385 1764 ut
1419 1715 1479 1765 te

231 1784 534 1839 Confestim
571 1785 812 1854 liquidus
849 1785 1125 1840 Fortunae
1158 1786 1308 1839 rivus
1343 1787 1588 1854 inauret;

231 1860 338 1914 Vel
376 1862 504 1930 quia
539 1869 790 1914 naturam
825 1865 1039 1915 mutare
1076 1863 1307 1929 pecunia
1341 1865 1533 1930 nescit,
1892 1878 1937 1917 ιο

232 1937 339 1989 Vel
376 1938 504 2005 quia
537 1941 730 1989 cuncta
764 1941 925 2004 putas
960 1953 1067 1990 una
1102 1938 1307 1992 virtute
1342 1940 1565 1992 minora.

232 2011 499 2065 Miramur
535 2011 580 2064 si
617 2011 916 2064 Democriti
951 2029 1117 2081 pecus
1153 2014 1269 2066 edit
1304 2014 1505 2080 agellos

233 2087 503 2155 Cultaque
539 2088 670 2140 dum
704 2103 933 2154 peregre
969 2092 1053 2141 est
1088 2090 1298 2142 animus
1335 2091 1449 2143 sine
1487 2106 1711 2158 corpore
1744 2089 1932 2155 velox3

233 2163 372 2217 Cum
408 2167 473 2215 tu
507 2163 653 2216 inter
687 2162 924 2215 scabiem
959 2166 1170 2217 tantam
1206 2169 1265 2218 et
1299 2165 1548 2232 contagia
1582 2165 1718 2219 lucri

231 2239 324 2293 Nil
361 2255 589 2308 parvum
625 2239 802 2306 sapias
838 2242 895 2291 et
930 2239 1108 2293 adhuc
1145 2241 1394 2295 sublimia
1429 2258 1611 2295 eures:
1888 2257 1932 2298 15

232 2316 386 2380 Quae
422 2332 571 2368 mare
607 2319 949 2382 compescant
984 2332 1189 2382 causae,
1229 2317 1362 2386 quid
1398 2321 1672 2385 temperet
1714 2334 1931 2387 aunum,

231 2392 434 2445 Stellae
471 2394 666 2459 sponte
702 2407 799 2443 sua
825 2390 1084 2456 jussaene
1120 2397 1387 2459 vagentur
1420 2397 1481 2446 et
1514 2397 1713 2456 errent,

230 2468 377 2531 Quid
411 2469 627 2535 premat
662 2466 949 2519 obscurum
986 2466 1162 2534 lunae,
1198 2469 1331 2536 quid
1365 2469 1608 2537 proferat
1643 2468 1845 2534 orbem,

230 2544 377 2608 Quid
413 2542 545 2596 velit
580 2546 638 2596 et
673 2542 847 2610 possit
881 2558 1068 2595 rerum
1103 2545 1389 2597 concordia
1424 2544 1646 2611 discors

228 2619 588 2689 Empedocles
624 2635 693 2671 an
731 2618 1053 2672 Stertinium
1090 2619 1289 2673 deliret
1323 2637 1563 2674 acumen.
1886 2637 1933 2674 το

228 2695 440 2752 verum
477 2712 573 2748 seu
607 2695 782 2762 pisces
819 2710 914 2746 scu
948 2710 1171 2760 porrum
1207 2700 1264 2748 et
1298 2712 1461 2762 caepe
1494 2695 1739 2751 trucidas

227 2773 402 2826 Utere
442 2770 698 2839 Pompeio
735 2769 997 2837 Grosph0‚
1033 2773 1092 2822 et
1129 2770 1175 2821 si
1211 2770 1343 2838 quid
1376 2774 1529 2837 petet
1563 2771 1709 2825 ultro

229 2847 431 2913 Defer3
466 2846 541 2898 nil
580 2844 862 2911 Grosphus
897 2845 1002 2897 nisi
1039 2860 1228 2898 verum
1264 2845 1441 2899 orabit
1476 2850 1535 2899 et
1571 2839 1818 2915 aequum.

230 2923 369 2976 Vilis
404 2921 700 2976 amicorum
737 2923 825 2973 est
858 2936 1072 2972 annona
1107 2919 1264 2973 bonis
1297 2920 1394 2973 ubi
1429 2922 1564 2989 quid
1601 2922 1769 2975 deest.

230 2999 311 3055 Ne
348 3002 536 3053 tamen
569 2997 786 3064 ignores
822 3012 930 3064 quo
966 2996 1038 3048 sit
1075 2995 1319 3049 Romana
1353 2997 1468 3049 loco
1504 3014 1620 3053 res:
1881 3013 1929 3054 25

230 3072 504 3128 Cantaber
540 3071 836 3139 Agrippae,
876 3071 1071 3125 Claudi
1107 3071 1311 3124 virtute
1346 3070 1583 3125 Neronis

229 3149 526 3209 Armenius
559 3147 788 3210 cecidit;
819 3146 914 3216 jus
950 3147 1345 3217 imperiumque
1382 3147 1656 3210 Phraates,
