2217 3559
324 117 412 164 11⁶
869 109 1181 167 HOBATII
1215 113 1476 162 FLACCI
2151 4 2186 213 *1

322 193 394 246 Et
427 191 578 246 vivat
612 191 766 261 puris
800 188 1055 244 manibus
1088 194 1404 246 contemnat
1437 207 1754 260 utrumque.

321 268 400 321 Ut
436 268 511 320 sis
546 271 608 321 tu
646 267 836 320 similis
872 268 1022 321 Caeli
1061 267 1319 336 Birrique
1353 268 1646 335 latronum,

322 344 447 396 Non
483 360 584 410 ego
621 359 739 396 sum
778 342 941 410 Capri
976 359 1157 411 neque
1194 343 1372 398 Sulci:
1409 360 1507 397 cur
1541 344 1760 397 metuas
1798 348 1922 400 me?
1996 362 2043 404 ἰο

323 419 488 472 Nulla
521 417 754 471 taberna
787 434 938 470 meos
973 417 1176 471 habeat
1210 435 1391 487 neque
1426 420 1540 488 pila
1574 420 1811 488 libellos,

324 494 457 556 Quis
492 510 683 546 manus
719 493 943 546 insudet
977 493 1123 560 vulgi
1163 493 1642 564 Hermogenisque
1682 497 1880 563 Tigelli
1898 518 1917 554 z

324 571 374 622 N
379 587 440 624 ec
474 570 645 623 recito
680 570 930 636 cuiquam
966 568 1072 621 nisi
1104 570 1305 637 amicis,
1343 571 1511 638 idque
1547 575 1783 639 coactus,

324 647 372 699 N
378 664 448 699 on
483 644 662 698 ubivis
698 660 944 698 coramve
979 644 1331 711 quibuslibet.
1403 647 1471 699 In
1505 648 1688 700 medio
1725 649 1821 716 qui

324 722 541 790 Scripta
576 721 694 774 foro
734 720 971 774 recitent
1009 724 1137 773 sunt
1174 721 1333 776 multi
1372 723 1576 791 quique
1613 722 1887 780 lavantes:
1993 742 2042 784 75

324 798 500 851 Suave
537 798 684 851 locus
721 797 840 849 voci
878 800 1099 848 resonat
1137 797 1431 850 conclusus,
1506 798 1705 851 Inanes

326 874 448 927 Hoc
476 873 650 940 juvat,
687 872 835 924 haud
876 871 1012 924 illud
1050 875 1393 939 quaerenteS,
1431 889 1562 925 num
1600 874 1719 927 sine
1756 891 1936 943 sensu,

325 948 589 1017 Tempore
622 965 754 1000 num
790 947 992 1000 faciant
1032 947 1223 1000 alieno,
1295 948 1325 974 ‘⁴
1341 948 1591 1001 Laedere
1632 949 1890 1017 gaudes,”

327 1025 530 1093 Inquit,
571 1024 672 1078 “et
710 1023 812 1076 hoe
849 1023 1031 1077 studio
1067 1038 1267 1090 pravus
1306 1023 1479 1077 facis?
1551 1025 1715 1078 Unde
1750 1026 1994 1094 petitum

327 1100 448 1154 Hoc
486 1099 543 1152 in
583 1116 671 1152 me
697 1098 875 1165 jacis?
949 1098 1050 1151 Est
1085 1102 1275 1150 auctor
1312 1098 1435 1166 quis
1472 1099 1710 1169 denique
1749 1118 1940 1154 eorum
1986 1118 2034 1156 se

328 1176 455 1228 Vixi
495 1192 618 1228 cum
656 1175 889 1243 quibus?
963 1173 1265 1227 Absentem
1307 1175 1402 1242 qui
1441 1175 1589 1228 rodit
1626 1175 1894 1243 amicum3

328 1251 432 1314 Qui
468 1267 575 1304 non
616 1249 864 1303 defendit
902 1249 1007 1302 alio
1047 1250 1304 1317 culpante
1319 1271 1333 1314 ;
1372 1249 1576 1304 solutos

328 1327 432 1389 Qui
468 1330 654 1395 captat
684 1325 826 1379 risus
863 1325 1140 1377 hominum
1178 1324 1486 1392 famamque
1523 1325 1724 1379 dicacis
1740 1344 1755 1391 ς

328 1402 562 1470 Fingere
599 1401 694 1469 qui
734 1417 839 1453 non
878 1400 992 1452 visa
1027 1403 1244 1468 potest3
1280 1400 1567 1453 commissa
1601 1406 1789 1456 tacere

329 1478 434 1542 Qui
469 1478 689 1545 nequit3
725 1476 814 1530 hic
851 1476 1009 1543 niger
1037 1479 1138 1542 est,
1163 1476 1309 1528 hunc
1341 1480 1418 1543 tu,
1447 1476 1707 1545 Romane,
1733 1482 1938 1533 caveto.
1984 1495 2035 1535 85

328 1554 501 1622 Saepe
541 1553 719 1606 tribus
754 1552 911 1604 lectis
948 1550 1137 1604 videas
1174 1567 1405 1605 coenare
1443 1556 1755 1621 quaternos,

329 1630 374 1683 E
409 1628 604 1698 quibus
639 1644 778 1680 unus
817 1631 966 1679 amet
1006 1627 1197 1694 quavis
1234 1626 1565 1695 adspergere
1602 1634 1826 1682 cunctos
2149 1676 2163 1695 ,ι

329 1706 556 1758 Praeter
574 1720 695 1757 eum
710 1703 804 1771 qui
820 1701 1050 1770 praebet
1063 1718 1261 1770 aquam
1280 1723 1292 1766 ;
1313 1706 1440 1770 post
1455 1702 1599 1755 hunc
1618 1720 1839 1773 quoque
1854 1708 2030 1773 potus,
2135 1722 2186 1771 ι,

329 1780 558 1833 Condita
594 1796 716 1832 cum
757 1795 923 1831 verax
960 1778 1139 1846 aperit
1177 1778 1496 1845 praecordia
1535 1778 1714 1834 Liber.

330 1856 437 1909 Hic
473 1855 575 1908 tibi
613 1854 779 1907 comis
816 1857 874 1906 et
910 1853 1152 1906 urbanus
1192 1851 1440 1921 liberque
1478 1853 1715 1923 videtur,
1985 1872 2034 1911 ⁹0

332 1931 535 1984 Infesto
574 1931 756 1996 nigris.
829 1929 945 1995 Ego
986 1929 1033 1982 si
1070 1928 1167 1980 risi
1205 1928 1355 1996 quod.
1395 1929 1617 1997 ineptus

332 2005 579 2059 Pastillos
620 2004 852 2058 Rufillus
892 2004 1018 2068 olet,
1056 2004 1362 2070 Gargonius
1401 2004 1627 2072 hircum,

331 2081 552 2134 Lividus
589 2085 647 2133 et
683 2079 910 2133 mordax
947 2080 1137 2132 videor
1170 2078 1309 2132 tibi?
1382 2080 1593 2134 Mentio
1630 2080 1677 2133 si
1719 2098 1831 2150 qua

330 2158 413 2210 De
454 2156 744 2224 Capitolini
781 2154 943 2208 furtis
979 2154 1188 2221 injecta
1226 2154 1409 2207 Petilli

327 2233 403 2285 Te
442 2248 620 2284 coram
657 2230 838 2297 fuerit,
877 2229 1145 2282 defendas
1182 2234 1247 2282 ut
1288 2233 1417 2283 tuus
1458 2234 1546 2284 est
1584 2247 1730 2286 mos:
1983 2249 2032 2289 os

327 2307 465 2360 “Me
498 2305 831 2373 Capitolinus
863 2305 1170 2358 convictore
1210 2321 1342 2358 usus
1379 2306 1662 2375 amicoque

328 2385 380 2436 Α
418 2399 588 2451 puero
626 2385 726 2447 est,
763 2396 1031 2448 causaque
1071 2397 1197 2433 mea
1237 2382 1513 2449 permulta
1549 2386 1777 2450 rogatus

328 2459 495 2522 Fecit,
526 2460 585 2510 et
620 2456 899 2509 incolumis
934 2455 1111 2509 laetor
1145 2456 1292 2524 quod
1327 2458 1463 2511 vivit
1496 2458 1554 2510 in
1588 2458 1757 2523 urbe;

326 2534 438 2587 Sed
472 2537 656 2586 tamen
691 2531 945 2598 admiror,
983 2546 1090 2599 quo
1125 2535 1284 2599 pacto
1313 2531 1583 2599 judicium
1618 2534 1755 2586 illud

329 2608 596 2676 Fugerit?
673 2606 782 2660 Hie
816 2607 1003 2674 nigrae
1039 2624 1229 2661 succus
1264 2608 1514 2675 loliginis,
1549 2609 1684 2680 haee
1720 2612 1807 2663 est
1965 2623 2027 2664 ιω

327 2688 546 2752 Aerugo
581 2700 745 2737 mera.
817 2683 975 2746 Quod
1010 2683 1203 2736 vitium
1239 2685 1427 2751 procul
1462 2686 1612 2738 afore
1650 2685 1855 2738 chartis

330 2764 515 2830 Atque
550 2759 730 2812 animo
764 2758 930 2826 priuS,
967 2762 1031 2810 ut
1067 2758 1114 2810 si
1151 2759 1287 2826 quid
1321 2762 1644 2827 promittere
1682 2761 1752 2813 de
1791 2778 1880 2814 me

327 2837 553 2889 Possum
588 2835 738 2888 aliud
773 2851 915 2899 vere,
952 2834 1228 2901 promitto,
1300 2834 1550 2888 Liberius
1586 2836 1631 2888 si

326 2912 530 2966 Dixero
566 2911 715 2979 quid,
750 2910 796 2962 si
831 2910 972 2962 forte
999 2908 1254 2977 joeosius,
1290 2909 1392 2963 hoc
1426 2911 1560 2963 mihi
1589 2911 1733 2978 juris

326 2988 462 3039 Cum
499 2986 655 3038 venia
689 2983 872 3037 dabis:
910 2984 1146 3036 insuevit
1181 2989 1342 3051 pater
1377 2986 1615 3053 optimus
1651 2987 1753 3040 hoc
1787 3004 1893 3056 mc,
1958 3003 2022 3045 ωε

325 3062 406 3114 Ut
440 3062 684 3128 fugerem
721 3059 982 3125 exemplis
1017 3058 1273 3112 vitiorum
1311 3077 1564 3130 quaeque
1599 3062 1858 3117 notando·

324 3136 463 3189 Cum
501 3150 587 3187 me
623 3134 949 3198 hortaretur,
984 3148 1162 3200 parce,
1198 3134 1498 3203 frugaliter,
1535 3139 1704 3205 atque

2152 3326 2171 3525 -u-—w⁸ffi-
2155 3268 2171 3313 Q·
