2217 3559
127 129 270 175 .20

716 126 1021 176 HORATII
1057 127 1318 176 FLACCI

443 205 652 262 Doctus
688 209 914 276 sagittas
948 208 1182 262 tendere
1219 207 1432 262 Sericas

448 287 595 337 Arcu
628 286 889 352 paterno?
962 284 1095 348 Quis
1130 287 1296 349 neget
1331 282 1518 337 arduis

511 359 716 412 Pronos
750 359 922 413 relabi
957 376 1117 428 posse
1151 359 1297 412 rivos

579 434 862 488 Montibus
898 438 954 488 et
990 434 1231 488 Tiberim
1264 434 1483 500 reverti,

446 509 582 564 Cum
616 514 681 564 tu
715 514 993 578 coemptos
1028 509 1272 577 undique
1306 509 1503 563 nobilis

446 585 636 638 Libros
672 586 901 639 Panaeti
939 585 1271 639 Socraticam
1306 587 1366 639 et
1401 585 1619 638 domum

510 661 730 715 Mutare
764 662 946 715 loricis
986 661 1213 714 Hiberis

580 736 859 791 Pollicitus
875 779 882 786 .
896 737 1123 790 meliora
1155 735 1341 790 tendis
1358 735 1379 790 2

446 960 493 1015 Ο
532 963 737 1026 Vanus,
772 962 960 1029 regina
998 963 1159 1016 Cnidi
1198 962 1495 1032 Paphique,

446 1039 654 1106 Sperne
691 1039 944 1092 dilectam
984 1039 1211 1107 Cypron,
1249 1044 1308 1092 et
1342 1038 1584 1092 vocantis

446 1113 624 1167 Thure
659 1117 716 1167 te
751 1115 923 1168 multo
961 1114 1222 1183 Glycerae
1259 1114 1511 1168 decoram

513 1190 770 1243 Transfer
804 1190 861 1242 in
897 1191 1105 1244 aedem.

449 1264 716 1318 Fervidus
750 1269 931 1319 tecum
969 1281 1108 1333 puer
1142 1266 1203 1318 et
1238 1263 1430 1318 solutis

447 1340 668 1394 Gratiae
703 1341 852 1393 zonis
885 1343 1290 1409 properentque
1326 1340 1612 1408 Nymphae

446 1415 520 1469 Et
554 1432 746 1484 parum
782 1416 948 1469 comis
985 1415 1099 1469 sine
1135 1419 1194 1469 te
1230 1415 1269 1468 J
1271 1418 1500 1469 uventas

514 1492 941 1560 Mercuriusque.

912 1631 1126 1685 XXXI.

447 1716 596 1779 Qum
630 1714 940 1768 dedicatum
976 1715 1155 1783 poscit
1194 1714 1503 1782 Apollinem

447 1791 657 1844 Vates?
694 1790 828 1859 quid
864 1794 984 1844 orat
1020 1790 1091 1842 de
1129 1794 1320 1858 patera
1352 1807 1552 1843 novum

515 1864 772 1919 Fundens
807 1865 1112 1933 liquorem?
1185 1866 1308 1918 Non
1345 1866 1554 1934 opimae

583 1940 867 1994 Sardiniae
904 1944 1119 2008 segetes
1154 1941 1376 2006 feraceS‚

463 2016 514 2069 N
519 2033 586 2069 on
622 2020 902 2069 aestuosae
938 2019 1095 2083 grata
1133 2015 1414 2069 Calabriae

449 2094 733 2157 Armenta,
769 2106 876 2143 non
910 2107 1102 2143 aurum
1139 2094 1235 2143 aut
1270 2091 1408 2143 ebur
1446 2089 1710 2160 Indicum,

513 2167 566 2219 N
570 2182 639 2219 on
675 2182 804 2219 rura
839 2182 979 2234 quae
1018 2166 1159 2218 Liris
1195 2165 1384 2234 quieta

584 2241 811 2295 Mordet
846 2258 989 2309 aqua
1022 2242 1329 2295 taciturnus
1364 2243 1549 2309 amnis,
1605 2284 1610 2291 .

448 2315 706 2371 Premant
743 2317 944 2371 Calena
977 2316 1116 2370 falce
1153 2317 1351 2385 quibus
1388 2317 1544 2371 dedit

447 2393 689 2446 Fortuna
722 2393 905 2460 vitem,
943 2392 1095 2445 dives
1132 2397 1191 2446 et
1226 2393 1403 2445 aureis

515 2468 791 2521 Mercator
826 2468 1061 2520 exsiccet
1096 2467 1309 2520 culullis

583 2542 728 2595 Vina
764 2543 902 2611 Syra
935 2546 1190 2610 reparata
1223 2558 1419 2609 merce,

446 2617 546 2672 Dis
582 2634 738 2671 carus
772 2618 920 2686 ipsis,
959 2618 1161 2685 quippe
1197 2621 1285 2671 ter
1319 2623 1377 2671 et
1414 2621 1608 2686 quater

448 2696 610 2747 Anno
646 2694 889 2746 revisens
924 2710 1130 2760 aequor
1167 2693 1506 2746 Atlanticum

515 2770 764 2836 Impune.
834 2769 927 2821 Me
963 2772 1193 2836 pascunt
1228 2769 1415 2834 olivae,

584 2845 679 2898 Me
713 2844 958 2897 cichorea
991 2844 1247 2911 levesque
1283 2845 1505 2897 malvae.

448 2920 579 2973 Frui
614 2920 819 2988 paratis
855 2923 913 2972 et
950 2919 1129 2971 valido
1165 2919 1311 2985 mihi,

447 2996 635 3062 Lato‘ess
671 2996 839 3048 dones
875 2997 934 3047 et
968 3010 1162 3061 precor
1197 2994 1412 3061 integra

517 3069 657 3122 Cum
692 3073 892 3134 mente,
929 3084 1029 3120 nec
1063 3072 1285 3135 turpem
1321 3071 1595 3121 senectam

586 3143 801 3210 Degere
834 3158 935 3195 nec
971 3141 1182 3193 cithara
1215 3147 1505 3196 carentem.

1827 298 1874 340 10
1979 308 1988 315 ’

1830 2407 1873 2448 10

2155 248 2199 352 ih
