2217 3559
35 223 105 308 Ρ

21 1677 73 1832 Ὓχῖ)

773 122 1036 172 SATIRA
1044 121 1206 171 RUM
1241 120 1316 171 11.
1356 120 1399 171 3.
1845 118 1935 167 139

214 201 300 255 Ni
340 202 419 256 sic
453 202 715 257 fecissent
755 202 1124 271 gladiatorum
1161 202 1295 256 dare
1330 204 1547 255 eentum
1884 219 1934 261 85

219 277 489 331 Damnati
524 279 727 348 populo
761 280 916 348 paria
950 283 1119 348 atque
1154 278 1375 346 epulum
1411 276 1639 331 arbitrio
1678 277 1824 344 Arri,

218 352 515 407 Frumenti
552 360 815 423 quantum
854 355 1016 408 metit
1055 353 1259 408 Africa.
1330 354 1457 407 Sive
1494 368 1597 420 ego
1630 368 1801 420 prave

217 429 339 483 Seu
376 433 527 483 recte
562 430 665 484 hoc
702 430 862 498 volui,
897 447 969 484 ne
1005 431 1079 483 sis
1113 433 1343 499 patruus
1375 429 1526 482 mihi.
1598 428 1776 481 Credo

220 504 354 558 Hoc
390 505 608 559 Staberi
643 507 975 575 prudentem
1011 506 1253 559 animum
1289 505 1503 558 vidisse.
1578 504 1724 567 Quid
1761 520 1892 572 ergo

168 641 176 648 ‚
216 580 412 634 Sensit
447 593 568 634 cum
606 595 875 636 summam
910 582 1205 651 patrimoni
1241 580 1550 649 insculpere
1588 596 1719 632 saxo
1890 595 1938 634 oo

222 655 486 709 Heredes
521 656 693 710 voluit
713 658 732 710 ‘l
806 655 999 721 Quoad
1035 657 1176 710 vixit
1211 655 1448 709 credidit
1482 655 1677 722 ingens

224 730 555 798 Pauperiem
592 732 786 786 vitium
823 736 879 786 et
914 732 1057 786 cavit
1092 732 1229 785 nihil
1263 731 1455 798 acrius,
1489 734 1556 784 ut
1590 730 1638 783 si

224 806 396 860 Forte
432 808 611 861 minus
646 808 884 876 locuples
918 824 1027 861 uno
1062 808 1369 877 quadrante
1404 807 1639 876 perisset

223 881 358 947 Ipse
394 882 678 936 videretur
713 883 817 937 sibi
852 883 1108 952 nequior:
1147 883 1321 936 omnis
1354 883 1499 936 enim
1535 898 1640 946 res,

221 957 437 1023 Virtus,
473 959 633 1027 fama,
667 959 850 1026 decus,
888 960 1074 1013 divina
1108 959 1455 1027 humanaque
1489 955 1730 1025 pulchris
1890 970 1939 1010 ⁹5

220 1033 447 1088 Divitiis
482 1040 706 1103 parent3
743 1052 880 1104 quas
916 1035 1011 1104 qui
1047 1035 1416 1088 construxerit
1451 1033 1545 1087 ille
2006 1030 2010 1034 ’

220 1109 421 1163 Clarus
463 1111 584 1177 erit,
610 1110 784 1178 fortis,
812 1110 1013 1179 justus.
1084 1110 1420 1179 Sapiensne2
1494 1109 1689 1174 Etiam,
1733 1113 1791 1165 et
1819 1124 1933 1173 rex,

219 1186 299 1239 Et
335 1185 607 1254 quidquid
636 1186 803 1241 volet.
875 1186 999 1240 Hoc
1034 1186 1204 1240 veluti
1240 1186 1451 1240 virtute
1486 1189 1736 1252 paratum

217 1260 479 1329 Speravit
513 1277 742 1329 magnae
776 1261 924 1315 laudi
961 1262 1092 1315 fore.
1166 1261 1343 1325 ‘Quid
1378 1259 1560 1322 simile
1588 1259 1680 1312 isti

216 1337 470 1390 Graecus
508 1337 865 1406 Aristippus?
901 1338 995 1406 qui
1034 1347 1217 1390 servos
1253 1336 1521 1405 projicere
1556 1352 1749 1388 aurum
1871 1348 1935 1388 100

219 1413 293 1465 In
333 1413 517 1466 media
544 1411 714 1481 jussit
751 1413 936 1482 Libya,
973 1414 1101 1480 quia
1136 1413 1350 1466 tardius
1385 1413 1531 1464 irent

219 1489 463 1556 Propter
498 1505 633 1542 onus
669 1505 878 1557 segnes.
948 1491 1093 1544 Uter
1129 1493 1214 1542 est
1249 1488 1487 1541 insanior
1521 1487 1713 1539 horum
1733 1485 1769 1540 '3’

220 1564 319 1617 Nil
355 1565 472 1632 agit
509 1566 837 1634 exemplum,
874 1565 1028 1618 litem
1065 1565 1213 1634 quod
1249 1565 1347 1618 lite
1382 1563 1620 1617 resolvit.

219 1639 286 1693 Si
321 1641 444 1709 quis
480 1645 629 1695 emat
664 1641 917 1709 citharas,
953 1646 1168 1710 emptas
1201 1643 1507 1708 comportet
1542 1640 1599 1691 in
1634 1655 1818 1706 unum,

224 1716 278 1768 N
284 1733 346 1769 ec
382 1716 565 1769 studio
601 1716 843 1771 citharae
878 1734 978 1771 nec
1016 1718 1208 1770 Musae
1245 1717 1467 1769 deditus
1502 1715 1633 1780 ulli;
1868 1728 1934 1769 10⁵

221 1791 284 1845 Si
323 1793 533 1860 scalpra
569 1797 627 1846 et
660 1793 863 1846 formas
898 1811 1003 1846 non
1042 1798 1211 1861 sutor,
1246 1793 1465 1845 nautica
1500 1791 1621 1844 vela

223 1870 472 1921 Aversus
507 1869 863 1923 mercaturis:
901 1869 1107 1922 delirus
1145 1874 1202 1922 et
1238 1885 1426 1922 amens

220 1944 487 2013 Undique
523 1944 740 1998 dicatur
774 1944 983 1999 merito.
1058 1945 1162 2009 Qui
1200 1943 1475 2012 discrepat
1509 1943 1633 1996 istis

221 2019 349 2083 Qui*
369 2036 620 2074 nummos
655 2036 956 2089 aurumque
992 2020 1256 2088 recondit,
1293 2020 1506 2073 nescius
1541 2018 1624 2072 uti

221 2095 568 2164 Compositis,
606 2101 963 2164 metuensque
999 2096 1152 2149 velut
1185 2097 1497 2164 contingere
1534 2111 1746 2148 sacrum
1764 2097 1809 2150 ’ἒΔ
1866 2109 1932 2148 uo

221 2170 282 2224 Si
316 2172 444 2240 quis
479 2172 550 2225 ad
588 2171 866 2239 ingentem
901 2172 1163 2225 frumenti
1200 2189 1413 2241 semper
1448 2189 1700 2226 acervum

223 2247 519 2301 Porrectus
553 2248 743 2314 vigilet
779 2264 901 2301 cum
936 2248 1096 2316 longo
1133 2248 1292 2316 fuste,
1328 2265 1507 2317 neque
1544 2248 1694 2302 illinc

222 2323 450 2376 Audeat
486 2325 730 2377 esuriens
766 2324 1018 2376 dominus
1053 2324 1371 2392 contingere
1407 2341 1653 2391 granum,

221 2400 309 2452 Ac
345 2399 528 2468 potius
565 2399 704 2451 foliis
740 2416 935 2468 parcus
971 2403 1224 2452 vescatur
1257 2402 1484 2465 aniaris3

220 2474 280 2527 Si
316 2474 512 2543 positis
547 2474 697 2528 intus
735 2474 855 2528 Chii
889 2475 1200 2543 veterisque
1239 2475 1458 2529 Falerni
1864 2489 1928 2528 115

220 2547 377 2604 Mille
414 2547 771 2603 cadis—nihil
809 2555 909 2618 est,
941 2554 1249 2605 tercentum
1288 2550 1721 2605 millibus—acre

223 2624 391 2679 Potet
425 2627 671 2692 acetum3
707 2643 822 2695 age,
860 2628 907 2679 si
944 2630 1003 2680 et
1038 2627 1355 2681 stramentis
1389 2627 1629 2695 incubet,
1664 2626 1836 2679 uncle·

220 2700 517 2770 Octoginta
551 2718 719 2755 annos
754 2707 931 2769 natus,
967 2704 1054 2756 cui
1092 2703 1337 2769 stragula
1368 2703 1550 2766 vestiet,

221 2776 532 2831 Blattarum
569 2794 633 2831 ae
667 2778 935 2832 tinearum
972 2779 1180 2847 epulae,
1216 2783 1495 2848 putrescat
1530 2781 1587 2832 iu
1623 2795 1772 2833 arca:

220 2851 499 2906 Nimirum
533 2852 754 2907 insanus
788 2855 974 2922 paucis
1010 2854 1277 2922 videatur,
1315 2872 1381 2909 eo
1417 2855 1567 2923 quod
1861 2871 1925 2909 12⁰

219 2927 466 2982 Maxima
500 2945 628 2997 pars
663 2929 941 2982 hominum
977 2930 1168 2983 morbo
1197 2923 1441 2997 jactatur
1477 2931 1687 2984 eodem.
1961 2932 1966 2940 ’

217 3002 392 3058 Filius
427 3009 523 3059 aut
559 3007 724 3058 etiam
762 3005 896 3059 haec
930 3006 1164 3060 libertus
1199 3011 1263 3061 ut
1298 3007 1484 3061 ebibat
1518 3008 1693 3075 heres,

217 3082 319 3136 Dis
356 3081 575 3134 inimice
613 3098 794 3152 seneX,
830 3081 1109 3136 custodis?
1185 3083 1271 3136 Ne
1306 3084 1409 3138 tibi
1447 3085 1631 3139 desit?

219 3156 559 3280 Qua111t2ulum
595 3158 741 3211 enim
778 3174 1020 3212 summae
1055 3158 1297 3213 curtabit
1332 3159 1563 3230 quisque
1599 3160 1828 3226 dierum,
