<?xml version="1.0" encoding="UTF-8"?>
<!DOCTYPE html PUBLIC "-//W3C//DTD XHTML 1.0 Transitional//EN"
    "http://www.w3.org/TR/xhtml1/DTD/xhtml1-transitional.dtd">
<html xmlns="http://www.w3.org/1999/xhtml" xml:lang="en" lang="en">
 <head>
  <title>
</title>
<meta http-equiv="Content-Type" content="text/html;charset=utf-8" />
  <meta name='ocr-system' content='tesseract 3.04.00' />
  <meta name='ocr-capabilities' content='ocr_page ocr_carea ocr_par ocr_line ocrx_word'/>
</head>
<body>
  <div class='ocr_page' id='page_1' title='image "./quintihoratiifl02longgoog_0210.png"; bbox 0 0 2217 3559; ppageno 0'>
   <div class='ocr_carea' id='block_1_1' title="bbox 300 123 1463 172">
    <p class='ocr_par' dir='ltr' id='par_1_1' title="bbox 300 123 1463 172">
     <span class='ocr_line' id='line_1_1' title="bbox 300 123 1463 172; baseline 0 -1"><span class='ocrx_word' id='word_1_1' title='bbox 300 125 390 172; x_wconf 76' lang='lat'><strong>166</strong></span> <span class='ocrx_word' id='word_1_2' title='bbox 855 123 1167 171; x_wconf 77' lang='lat' dir='ltr'><strong>HORATII</strong></span> <span class='ocrx_word' id='word_1_3' title='bbox 1203 123 1463 171; x_wconf 78' lang='lat' dir='ltr'>FLAOCI</span> 
     </span>
    </p>
   </div>
   <div class='ocr_carea' id='block_1_2' title="bbox 295 200 2136 345">
    <p class='ocr_par' dir='ltr' id='par_1_2' title="bbox 295 200 2136 345">
     <span class='ocr_line' id='line_1_2' title="bbox 295 200 2136 271; baseline 0.001 -16"><span class='ocrx_word' id='word_1_4' title='bbox 295 200 378 255; x_wconf 81' lang='lat' dir='ltr'><strong>Tu</strong></span> <span class='ocrx_word' id='word_1_5' title='bbox 415 204 615 270; x_wconf 87' lang='lat' dir='ltr'><strong>quotus</strong></span> <span class='ocrx_word' id='word_1_6' title='bbox 653 217 773 254; x_wconf 87' lang='lat' dir='ltr'><strong>esse</strong></span> <span class='ocrx_word' id='word_1_7' title='bbox 808 201 946 254; x_wconf 84' lang='lat' dir='ltr'><strong>velis</strong></span> <span class='ocrx_word' id='word_1_8' title='bbox 982 201 1238 269; x_wconf 74' lang='lat' dir='ltr'><strong>rescribe,</strong></span> <span class='ocrx_word' id='word_1_9' title='bbox 1277 204 1335 255; x_wconf 90' lang='lat' dir='ltr'><strong>ct</strong></span> <span class='ocrx_word' id='word_1_10' title='bbox 1369 202 1538 255; x_wconf 79' lang='lat' dir='ltr'><strong>rebus</strong></span> <span class='ocrx_word' id='word_1_11' title='bbox 1574 202 1782 255; x_wconf 86' lang='lat' dir='ltr'><strong>omissis</strong></span> <span class='ocrx_word' id='word_1_12' title='bbox 1965 216 2007 256; x_wconf 72' lang='lat'><strong>³0</strong></span> <span class='ocrx_word' id='word_1_13' title='bbox 2109 258 2136 271; x_wconf 33' lang='grc' dir='ltr'><em>Α</em></span> 
     </span>
     <span class='ocr_line' id='line_1_3' title="bbox 301 276 1528 345; baseline 0.002 -16"><span class='ocrx_word' id='word_1_14' title='bbox 301 276 462 329; x_wconf 85' lang='lat' dir='ltr'><strong>Atria</strong></span> <span class='ocrx_word' id='word_1_15' title='bbox 497 280 804 329; x_wconf 83' lang='lat' dir='ltr'><strong>servantem</strong></span> <span class='ocrx_word' id='word_1_16' title='bbox 843 277 1053 345; x_wconf 86' lang='lat' dir='ltr'><strong>postico</strong></span> <span class='ocrx_word' id='word_1_17' title='bbox 1088 277 1217 331; x_wconf 83' lang='lat' dir='ltr'><strong>falle</strong></span> <span class='ocrx_word' id='word_1_18' title='bbox 1252 277 1528 333; x_wconf 83' lang='lat' dir='ltr'><strong>clientem.</strong></span> 
     </span>
    </p>
   </div>
   <div class='ocr_carea' id='block_1_3' title="bbox 1123 429 1221 484">
    <p class='ocr_par' dir='ltr' id='par_1_3' title="bbox 1123 429 1221 484">
     <span class='ocr_line' id='line_1_4' title="bbox 1123 429 1221 484; baseline 0.02 -3"><span class='ocrx_word' id='word_1_19' title='bbox 1123 429 1221 484; x_wconf 93' lang='lat' dir='ltr'><strong>VI.</strong></span> 
     </span>
    </p>
   </div>
   <div class='ocr_carea' id='block_1_4' title="bbox 301 522 2115 3231">
    <p class='ocr_par' dir='ltr' id='par_1_4' title="bbox 301 522 1603 592">
     <span class='ocr_line' id='line_1_5' title="bbox 301 522 1603 592; baseline -0.002 -17"><span class='ocrx_word' id='word_1_20' title='bbox 301 522 352 575; x_wconf 89' lang='lat' dir='ltr'>N</span> <span class='ocrx_word' id='word_1_21' title='bbox 357 537 413 575; x_wconf 80' lang='grc'><strong>111</strong></span> <span class='ocrx_word' id='word_1_22' title='bbox 450 522 710 575; x_wconf 83' lang='lat' dir='ltr'><strong>admirari</strong></span> <span class='ocrx_word' id='word_1_23' title='bbox 746 538 919 591; x_wconf 83' lang='lat' dir='ltr'><strong>prope</strong></span> <span class='ocrx_word' id='word_1_24' title='bbox 955 538 1048 575; x_wconf 91' lang='lat' dir='ltr'><strong>res</strong></span> <span class='ocrx_word' id='word_1_25' title='bbox 1085 526 1173 575; x_wconf 92' lang='lat' dir='ltr'><strong>est</strong></span> <span class='ocrx_word' id='word_1_26' title='bbox 1206 539 1330 592; x_wconf 87' lang='lat' dir='ltr'><strong>una,</strong></span> <span class='ocrx_word' id='word_1_27' title='bbox 1367 522 1603 589; x_wconf 77' lang='lat' dir='ltr'><strong>Numici,</strong></span> 
     </span>
    </p>

    <p class='ocr_par' dir='ltr' id='par_1_5' title="bbox 303 597 1765 666">
     <span class='ocr_line' id='line_1_6' title="bbox 303 597 1765 666; baseline 0.001 -16"><span class='ocrx_word' id='word_1_28' title='bbox 303 598 536 665; x_wconf 75' lang='lat' dir='ltr'><strong>Solaque</strong></span> <span class='ocrx_word' id='word_1_29' title='bbox 573 613 713 666; x_wconf 89' lang='lat' dir='ltr'><strong>quae</strong></span> <span class='ocrx_word' id='word_1_30' title='bbox 747 597 921 664; x_wconf 78' lang='lat' dir='ltr'><strong>possit</strong></span> <span class='ocrx_word' id='word_1_31' title='bbox 956 597 1140 651; x_wconf 87' lang='lat' dir='ltr'><strong>facere</strong></span> <span class='ocrx_word' id='word_1_32' title='bbox 1176 600 1236 651; x_wconf 88' lang='lat' dir='ltr'><strong>et</strong></span> <span class='ocrx_word' id='word_1_33' title='bbox 1272 611 1494 650; x_wconf 82' lang='lat' dir='ltr'><strong>servare</strong></span> <span class='ocrx_word' id='word_1_34' title='bbox 1529 597 1765 652; x_wconf 88' lang='lat' dir='ltr'><strong>beatum.</strong></span> 
     </span>
    </p>

    <p class='ocr_par' dir='ltr' id='par_1_6' title="bbox 305 670 1655 726">
     <span class='ocr_line' id='line_1_7' title="bbox 305 670 1655 726; baseline 0.001 -2"><span class='ocrx_word' id='word_1_35' title='bbox 305 672 468 725; x_wconf 88' lang='lat' dir='ltr'><strong>Hunc</strong></span> <span class='ocrx_word' id='word_1_36' title='bbox 504 671 673 725; x_wconf 90' lang='lat' dir='ltr'><strong>solem</strong></span> <span class='ocrx_word' id='word_1_37' title='bbox 710 670 768 725; x_wconf 84' lang='lat' dir='ltr'><strong>et</strong></span> <span class='ocrx_word' id='word_1_38' title='bbox 804 672 991 726; x_wconf 89' lang='lat' dir='ltr'><strong>stellas</strong></span> <span class='ocrx_word' id='word_1_39' title='bbox 1025 677 1085 726; x_wconf 89' lang='lat' dir='ltr'><strong>et</strong></span> <span class='ocrx_word' id='word_1_40' title='bbox 1123 671 1451 726; x_wconf 86' lang='lat' dir='ltr'><strong>decedentia</strong></span> <span class='ocrx_word' id='word_1_41' title='bbox 1484 673 1655 725; x_wconf 89' lang='lat' dir='ltr'><strong>certis</strong></span> 
     </span>
    </p>

    <p class='ocr_par' dir='ltr' id='par_1_7' title="bbox 304 746 1709 815">
     <span class='ocr_line' id='line_1_8' title="bbox 304 746 1709 815; baseline 0 -16"><span class='ocrx_word' id='word_1_42' title='bbox 304 747 571 815; x_wconf 86' lang='lat' dir='ltr'><strong>&#39;lempora</strong></span> <span class='ocrx_word' id='word_1_43' title='bbox 605 747 897 801; x_wconf 87' lang='lat' dir='ltr'><strong>momentis</strong></span> <span class='ocrx_word' id='word_1_44' title='bbox 934 750 1063 804; x_wconf 89' lang='lat' dir='ltr'><strong>sunt</strong></span> <span class='ocrx_word' id='word_1_45' title='bbox 1100 748 1196 815; x_wconf 87' lang='lat' dir='ltr'><strong>qui</strong></span> <span class='ocrx_word' id='word_1_46' title='bbox 1232 747 1523 800; x_wconf 83' lang='lat' dir='ltr'><strong>formidine</strong></span> <span class='ocrx_word' id='word_1_47' title='bbox 1558 746 1709 800; x_wconf 86' lang='lat' dir='ltr'><strong>nulla</strong></span> 
     </span>
    </p>

    <p class='ocr_par' dir='ltr' id='par_1_8' title="bbox 305 818 2003 959">
     <span class='ocr_line' id='line_1_9' title="bbox 306 818 2003 891; baseline 0.001 -18"><span class='ocrx_word' id='word_1_48' title='bbox 306 818 513 876; x_wconf 87' lang='lat' dir='ltr'><strong>Imbuti</strong></span> <span class='ocrx_word' id='word_1_49' title='bbox 550 826 824 891; x_wconf 84' lang='lat' dir='ltr'><strong>spectent:</strong></span> <span class='ocrx_word' id='word_1_50' title='bbox 863 823 997 891; x_wconf 89' lang='lat' dir='ltr'><strong>quid</strong></span> <span class='ocrx_word' id='word_1_51' title='bbox 1032 839 1224 877; x_wconf 85' lang='lat' dir='ltr'><strong>censes</strong></span> <span class='ocrx_word' id='word_1_52' title='bbox 1257 839 1485 876; x_wconf 86' lang='lat' dir='ltr'><strong>munera</strong></span> <span class='ocrx_word' id='word_1_53' title='bbox 1520 826 1719 891; x_wconf 86' lang='lat' dir='ltr'><strong>terrae,</strong></span> <span class='ocrx_word' id='word_1_54' title='bbox 1981 831 2003 874; x_wconf 73' lang='lat'><strong>6</strong></span> 
     </span>
     <span class='ocr_line' id='line_1_10' title="bbox 305 865 1805 966; baseline 0.001 -16"><span class='ocrx_word' id='word_1_55' title='bbox 305 897 451 959; x_wconf 85' lang='grc'><strong>911111</strong></span> <span class='ocrx_word' id='word_1_56' title='bbox 483 896 647 951; x_wconf 89' lang='lat' dir='ltr'><strong>maris</strong></span> <span class='ocrx_word' id='word_1_57' title='bbox 683 901 962 952; x_wconf 84' lang='lat' dir='ltr'><strong>extremos</strong></span> <span class='ocrx_word' id='word_1_58' title='bbox 1002 899 1219 952; x_wconf 87' lang='lat' dir='ltr'><strong>Arabas</strong></span> <span class='ocrx_word' id='word_1_59' title='bbox 1256 898 1487 953; x_wconf 80' lang='lat' dir='ltr'><strong>ditantis</strong></span> <span class='ocrx_word' id='word_1_60' title='bbox 1523 901 1584 953; x_wconf 91' lang='lat' dir='ltr'><strong>et</strong></span> <span class='ocrx_word' id='word_1_61' title='bbox 1624 865 1805 966; x_wconf 86' lang='lat' dir='ltr'><strong>Indos,</strong></span> 
     </span>
    </p>

    <p class='ocr_par' dir='ltr' id='par_1_9' title="bbox 305 971 1741 1042">
     <span class='ocr_line' id='line_1_11' title="bbox 305 971 1741 1042; baseline 0 -17"><span class='ocrx_word' id='word_1_62' title='bbox 305 973 349 1025; x_wconf 98' lang='grc'><strong>11</strong></span> <span class='ocrx_word' id='word_1_63' title='bbox 352 974 542 1027; x_wconf 88' lang='lat' dir='ltr'><strong>udicra</strong></span> <span class='ocrx_word' id='word_1_64' title='bbox 577 974 727 1042; x_wconf 91' lang='lat' dir='ltr'><strong>quid,</strong></span> <span class='ocrx_word' id='word_1_65' title='bbox 763 974 984 1042; x_wconf 84' lang='lat' dir='ltr'><strong>plausus</strong></span> <span class='ocrx_word' id='word_1_66' title='bbox 1021 979 1080 1028; x_wconf 92' lang='lat' dir='ltr'><strong>et</strong></span> <span class='ocrx_word' id='word_1_67' title='bbox 1115 974 1273 1027; x_wconf 88' lang='lat' dir='ltr'><strong>amici</strong></span> <span class='ocrx_word' id='word_1_68' title='bbox 1311 973 1455 1027; x_wconf 85' lang='lat' dir='ltr'><strong>dona</strong></span> <span class='ocrx_word' id='word_1_69' title='bbox 1498 971 1741 1040; x_wconf 75' lang='lat' dir='ltr'><strong>Quiritis,</strong></span> 
     </span>
    </p>

    <p class='ocr_par' dir='ltr' id='par_1_10' title="bbox 305 1047 1802 1118">
     <span class='ocr_line' id='line_1_12' title="bbox 305 1047 1802 1118; baseline 0.001 -18"><span class='ocrx_word' id='word_1_70' title='bbox 305 1047 426 1112; x_wconf 82' lang='lat' dir='ltr'><strong>Quo</strong></span> <span class='ocrx_word' id='word_1_71' title='bbox 469 1049 767 1118; x_wconf 84' lang='lat' dir='ltr'><strong>spectanda</strong></span> <span class='ocrx_word' id='word_1_72' title='bbox 802 1050 980 1117; x_wconf 84' lang='lat' dir='ltr'><strong>mode,</strong></span> <span class='ocrx_word' id='word_1_73' title='bbox 1015 1066 1126 1116; x_wconf 91' lang='lat' dir='ltr'><strong>quo</strong></span> <span class='ocrx_word' id='word_1_74' title='bbox 1162 1066 1325 1103; x_wconf 90' lang='lat' dir='ltr'><strong>sensu</strong></span> <span class='ocrx_word' id='word_1_75' title='bbox 1361 1048 1540 1102; x_wconf 90' lang='lat' dir='ltr'><strong>credis</strong></span> <span class='ocrx_word' id='word_1_76' title='bbox 1576 1052 1635 1103; x_wconf 88' lang='lat' dir='ltr'><strong>et</strong></span> <span class='ocrx_word' id='word_1_77' title='bbox 1669 1049 1802 1101; x_wconf 69' lang='lat' dir='ltr'><strong>ore?</strong></span> 
     </span>
    </p>

    <p class='ocr_par' dir='ltr' id='par_1_11' title="bbox 306 1124 1652 1189">
     <span class='ocr_line' id='line_1_13' title="bbox 306 1124 1652 1189; baseline 0 -12"><span class='ocrx_word' id='word_1_78' title='bbox 306 1125 411 1189; x_wconf 81' lang='lat' dir='ltr'><strong>Qui</strong></span> <span class='ocrx_word' id='word_1_79' title='bbox 447 1125 608 1178; x_wconf 90' lang='lat' dir='ltr'><strong>timet</strong></span> <span class='ocrx_word' id='word_1_80' title='bbox 642 1125 728 1177; x_wconf 87' lang='lat' dir='ltr'><strong>his</strong></span> <span class='ocrx_word' id='word_1_81' title='bbox 764 1125 996 1178; x_wconf 86' lang='lat' dir='ltr'><strong>adversa</strong></span> <span class='ocrx_word' id='word_1_82' title='bbox 1030 1126 1150 1179; x_wconf 87' lang='lat' dir='ltr'><strong>fere</strong></span> <span class='ocrx_word' id='word_1_83' title='bbox 1185 1124 1420 1178; x_wconf 86' lang='lat' dir='ltr'><strong>miratur</strong></span> <span class='ocrx_word' id='word_1_84' title='bbox 1456 1124 1652 1177; x_wconf 89' lang='lat' dir='ltr'><strong>eodem</strong></span> 
     </span>
    </p>

    <p class='ocr_par' dir='ltr' id='par_1_12' title="bbox 305 1200 1997 1345">
     <span class='ocr_line' id='line_1_14' title="bbox 305 1200 1997 1269; baseline -0.002 -16"><span class='ocrx_word' id='word_1_85' title='bbox 305 1200 424 1264; x_wconf 82' lang='lat' dir='ltr'><strong>Quo</strong></span> <span class='ocrx_word' id='word_1_86' title='bbox 459 1201 684 1269; x_wconf 89' lang='lat' dir='ltr'><strong>cupiens</strong></span> <span class='ocrx_word' id='word_1_87' title='bbox 718 1204 907 1268; x_wconf 81' lang='lat' dir='ltr'><strong>pact03</strong></span> <span class='ocrx_word' id='word_1_88' title='bbox 941 1217 1111 1269; x_wconf 85' lang='lat' dir='ltr'><strong>pavor</strong></span> <span class='ocrx_word' id='word_1_89' title='bbox 1146 1204 1232 1254; x_wconf 89' lang='lat' dir='ltr'><strong>est</strong></span> <span class='ocrx_word' id='word_1_90' title='bbox 1267 1200 1562 1268; x_wconf 79' lang='lat' dir='ltr'><strong>utrobique</strong></span> <span class='ocrx_word' id='word_1_91' title='bbox 1597 1200 1855 1253; x_wconf 84' lang='lat' dir='ltr'><strong>molestus</strong></span> <span class='ocrx_word' id='word_1_92' title='bbox 1962 1211 1997 1249; x_wconf 72' lang='grc'><strong>111</strong></span> 
     </span>
     <span class='ocr_line' id='line_1_15' title="bbox 308 1276 1698 1345; baseline 0.001 -16"><span class='ocrx_word' id='word_1_93' title='bbox 308 1276 612 1345; x_wconf 86' lang='lat' dir='ltr'><strong>Improvisa</strong></span> <span class='ocrx_word' id='word_1_94' title='bbox 648 1276 808 1329; x_wconf 88' lang='lat' dir='ltr'><strong>simul</strong></span> <span class='ocrx_word' id='word_1_95' title='bbox 847 1277 1056 1345; x_wconf 89' lang='lat' dir='ltr'><strong>species</strong></span> <span class='ocrx_word' id='word_1_96' title='bbox 1093 1280 1343 1330; x_wconf 79' lang='lat' dir='ltr'><strong>exterret</strong></span> <span class='ocrx_word' id='word_1_97' title='bbox 1385 1279 1698 1343; x_wconf 71' lang='lat' dir='ltr'><strong>utriunque.</strong></span> 
     </span>
    </p>

    <p class='ocr_par' dir='ltr' id='par_1_13' title="bbox 305 1351 1902 1497">
     <span class='ocr_line' id='line_1_16' title="bbox 305 1351 1902 1421; baseline -0.002 -16"><span class='ocrx_word' id='word_1_98' title='bbox 305 1352 557 1406; x_wconf 76' lang='lat' dir='ltr'><strong>Gaudeat</strong></span> <span class='ocrx_word' id='word_1_99' title='bbox 591 1370 660 1406; x_wconf 86' lang='lat' dir='ltr'><strong>an</strong></span> <span class='ocrx_word' id='word_1_100' title='bbox 700 1351 897 1419; x_wconf 89' lang='lat' dir='ltr'><strong>doleat,</strong></span> <span class='ocrx_word' id='word_1_101' title='bbox 935 1352 1121 1421; x_wconf 87' lang='lat' dir='ltr'><strong>cupiat</strong></span> <span class='ocrx_word' id='word_1_102' title='bbox 1155 1355 1456 1418; x_wconf 87' lang='lat' dir='ltr'><strong>metuatne,</strong></span> <span class='ocrx_word' id='word_1_103' title='bbox 1494 1351 1630 1420; x_wconf 87' lang='lat' dir='ltr'><strong>quid</strong></span> <span class='ocrx_word' id='word_1_104' title='bbox 1667 1351 1739 1405; x_wconf 82' lang='lat' dir='ltr'><strong>ad</strong></span> <span class='ocrx_word' id='word_1_105' title='bbox 1772 1363 1902 1417; x_wconf 79' lang='lat' dir='ltr'><strong>rem,</strong></span> 
     </span>
     <span class='ocr_line' id='line_1_17' title="bbox 305 1427 1620 1497; baseline 0 -17"><span class='ocrx_word' id='word_1_106' title='bbox 305 1428 363 1481; x_wconf 77' lang='lat' dir='ltr'><strong>si</strong></span> <span class='ocrx_word' id='word_1_107' title='bbox 401 1429 672 1497; x_wconf 88' lang='lat' dir='ltr'><strong>quidquid</strong></span> <span class='ocrx_word' id='word_1_108' title='bbox 710 1427 851 1481; x_wconf 84' lang='lat' dir='ltr'><strong>vidit</strong></span> <span class='ocrx_word' id='word_1_109' title='bbox 885 1427 1083 1481; x_wconf 88' lang='lat' dir='ltr'><strong>melius</strong></span> <span class='ocrx_word' id='word_1_110' title='bbox 1120 1428 1350 1496; x_wconf 88' lang='lat' dir='ltr'><strong>pejusve</strong></span> <span class='ocrx_word' id='word_1_111' title='bbox 1387 1444 1487 1480; x_wconf 89' lang='lat' dir='ltr'><strong>sua</strong></span> <span class='ocrx_word' id='word_1_112' title='bbox 1522 1444 1620 1495; x_wconf 91' lang='lat' dir='ltr'><strong>spe</strong></span> 
     </span>
    </p>

    <p class='ocr_par' dir='ltr' id='par_1_14' title="bbox 305 1501 1659 1572">
     <span class='ocr_line' id='line_1_18' title="bbox 305 1501 1659 1572; baseline 0.001 -17"><span class='ocrx_word' id='word_1_113' title='bbox 305 1501 515 1556; x_wconf 82' lang='lat' dir='ltr'><strong>Dcfixis</strong></span> <span class='ocrx_word' id='word_1_114' title='bbox 550 1504 717 1557; x_wconf 87' lang='lat' dir='ltr'><strong>oculis</strong></span> <span class='ocrx_word' id='word_1_115' title='bbox 753 1504 1041 1572; x_wconf 84' lang='lat' dir='ltr'><strong>animoque</strong></span> <span class='ocrx_word' id='word_1_116' title='bbox 1078 1508 1137 1557; x_wconf 89' lang='lat' dir='ltr'><strong>et</strong></span> <span class='ocrx_word' id='word_1_117' title='bbox 1169 1519 1398 1572; x_wconf 82' lang='lat' dir='ltr'><strong>corpore</strong></span> <span class='ocrx_word' id='word_1_118' title='bbox 1434 1502 1659 1571; x_wconf 64' lang='lat' dir='ltr'><strong>torpet?</strong></span> 
     </span>
    </p>

    <p class='ocr_par' dir='ltr' id='par_1_15' title="bbox 304 1578 2115 1874">
     <span class='ocr_line' id='line_1_19' title="bbox 305 1578 1993 1648; baseline -0.002 -16"><span class='ocrx_word' id='word_1_119' title='bbox 305 1579 491 1632; x_wconf 84' lang='lat' dir='ltr'><strong>Insani</strong></span> <span class='ocrx_word' id='word_1_120' title='bbox 529 1580 745 1648; x_wconf 86' lang='lat' dir='ltr'><strong>sapiens</strong></span> <span class='ocrx_word' id='word_1_121' title='bbox 779 1596 975 1633; x_wconf 89' lang='lat' dir='ltr'><strong>nomen</strong></span> <span class='ocrx_word' id='word_1_122' title='bbox 1011 1580 1173 1644; x_wconf 87' lang='lat' dir='ltr'><strong>ferat,</strong></span> <span class='ocrx_word' id='word_1_123' title='bbox 1212 1596 1420 1648; x_wconf 90' lang='lat' dir='ltr'><strong>aequus</strong></span> <span class='ocrx_word' id='word_1_124' title='bbox 1455 1578 1647 1647; x_wconf 89' lang='lat' dir='ltr'><strong>iniqui,</strong></span> <span class='ocrx_word' id='word_1_125' title='bbox 1957 1590 1993 1630; x_wconf 80' lang='lat'><strong>15</strong></span> 
     </span>
     <span class='ocr_line' id='line_1_20' title="bbox 308 1650 2115 1723; baseline 0 -16"><span class='ocrx_word' id='word_1_126' title='bbox 308 1655 467 1707; x_wconf 82' lang='lat' dir='ltr'><strong>Ultra</strong></span> <span class='ocrx_word' id='word_1_127' title='bbox 502 1672 664 1723; x_wconf 88' lang='lat' dir='ltr'><strong>quam</strong></span> <span class='ocrx_word' id='word_1_128' title='bbox 701 1655 834 1708; x_wconf 90' lang='lat' dir='ltr'><strong>satis</strong></span> <span class='ocrx_word' id='word_1_129' title='bbox 870 1660 955 1708; x_wconf 90' lang='lat' dir='ltr'><strong>est</strong></span> <span class='ocrx_word' id='word_1_130' title='bbox 989 1656 1253 1708; x_wconf 85' lang='lat' dir='ltr'><strong>virtutem</strong></span> <span class='ocrx_word' id='word_1_131' title='bbox 1284 1655 1331 1707; x_wconf 88' lang='lat' dir='ltr'><strong>si</strong></span> <span class='ocrx_word' id='word_1_132' title='bbox 1367 1650 1523 1723; x_wconf 82' lang='lat' dir='ltr'><strong>petat</strong></span> <span class='ocrx_word' id='word_1_133' title='bbox 1558 1655 1747 1723; x_wconf 82' lang='lat' dir='ltr'><strong>ipsam.</strong></span> <span class='ocrx_word' id='word_1_134' title='bbox 2112 1710 2115 1713; x_wconf 64' lang='grc'><em>,</em></span> 
     </span>
     <span class='ocr_line' id='line_1_21' title="bbox 305 1729 1947 1798; baseline -0.001 -16"><span class='ocrx_word' id='word_1_135' title='bbox 305 1729 333 1782; x_wconf 94' lang='grc' dir='ltr'>Ι</span> <span class='ocrx_word' id='word_1_136' title='bbox 369 1746 527 1797; x_wconf 87' lang='grc'><strong>1111116,</strong></span> <span class='ocrx_word' id='word_1_137' title='bbox 563 1735 853 1797; x_wconf 80' lang='lat' dir='ltr'><strong>argentum</strong></span> <span class='ocrx_word' id='word_1_138' title='bbox 890 1735 949 1784; x_wconf 90' lang='lat' dir='ltr'><strong>et</strong></span> <span class='ocrx_word' id='word_1_139' title='bbox 984 1743 1223 1783; x_wconf 86' lang='lat' dir='ltr'><strong>marmor</strong></span> <span class='ocrx_word' id='word_1_140' title='bbox 1258 1735 1418 1784; x_wconf 89' lang='lat' dir='ltr'><strong>vetus</strong></span> <span class='ocrx_word' id='word_1_141' title='bbox 1452 1746 1691 1798; x_wconf 88' lang='lat' dir='ltr'><strong>aeraque</strong></span> <span class='ocrx_word' id='word_1_142' title='bbox 1728 1733 1785 1782; x_wconf 93' lang='lat' dir='ltr'><strong>et</strong></span> <span class='ocrx_word' id='word_1_143' title='bbox 1816 1731 1947 1781; x_wconf 75' lang='lat' dir='ltr'><strong>artes</strong></span> 
     </span>
     <span class='ocr_line' id='line_1_22' title="bbox 304 1805 1708 1874; baseline -0.001 -15"><span class='ocrx_word' id='word_1_144' title='bbox 304 1805 543 1874; x_wconf 81' lang='lat' dir='ltr'><strong>Suspice,</strong></span> <span class='ocrx_word' id='word_1_145' title='bbox 581 1823 703 1859; x_wconf 87' lang='lat' dir='ltr'><strong>cum</strong></span> <span class='ocrx_word' id='word_1_146' title='bbox 740 1807 969 1873; x_wconf 84' lang='lat' dir='ltr'><strong>gemmis</strong></span> <span class='ocrx_word' id='word_1_147' title='bbox 1007 1806 1193 1874; x_wconf 83' lang='lat' dir='ltr'><strong>Tyrios</strong></span> <span class='ocrx_word' id='word_1_148' title='bbox 1228 1806 1430 1860; x_wconf 88' lang='lat' dir='ltr'><strong>mirare</strong></span> <span class='ocrx_word' id='word_1_149' title='bbox 1468 1806 1708 1871; x_wconf 88' lang='lat' dir='ltr'><strong>colores;</strong></span> 
     </span>
    </p>

    <p class='ocr_par' dir='ltr' id='par_1_16' title="bbox 304 1881 1803 1950">
     <span class='ocr_line' id='line_1_23' title="bbox 304 1881 1803 1950; baseline -0.002 -14"><span class='ocrx_word' id='word_1_150' title='bbox 304 1881 496 1936; x_wconf 87' lang='lat' dir='ltr'><strong>Gaude</strong></span> <span class='ocrx_word' id='word_1_151' title='bbox 534 1882 682 1950; x_wconf 90' lang='lat' dir='ltr'><strong>quod</strong></span> <span class='ocrx_word' id='word_1_152' title='bbox 717 1886 968 1950; x_wconf 88' lang='lat' dir='ltr'><strong>spectant</strong></span> <span class='ocrx_word' id='word_1_153' title='bbox 1004 1882 1143 1935; x_wconf 89' lang='lat' dir='ltr'><strong>oculi</strong></span> <span class='ocrx_word' id='word_1_154' title='bbox 1178 1886 1237 1935; x_wconf 90' lang='lat' dir='ltr'><strong>te</strong></span> <span class='ocrx_word' id='word_1_155' title='bbox 1273 1882 1421 1935; x_wconf 88' lang='lat' dir='ltr'><strong>mille</strong></span> <span class='ocrx_word' id='word_1_156' title='bbox 1456 1882 1803 1950; x_wconf 88' lang='lat' dir='ltr'><strong>loquentem;</strong></span> 
     </span>
    </p>

    <p class='ocr_par' dir='ltr' id='par_1_17' title="bbox 303 1958 1989 2101">
     <span class='ocr_line' id='line_1_24' title="bbox 303 1958 1989 2025; baseline -0.002 -15"><span class='ocrx_word' id='word_1_157' title='bbox 303 1958 356 2010; x_wconf 81' lang='lat' dir='ltr'>N</span> <span class='ocrx_word' id='word_1_158' title='bbox 359 1974 491 2011; x_wconf 84' lang='lat' dir='ltr'><strong>avus</strong></span> <span class='ocrx_word' id='word_1_159' title='bbox 527 1974 685 2011; x_wconf 87' lang='lat' dir='ltr'><strong>mane</strong></span> <span class='ocrx_word' id='word_1_160' title='bbox 722 1958 900 2010; x_wconf 88' lang='lat' dir='ltr'><strong>forum</strong></span> <span class='ocrx_word' id='word_1_161' title='bbox 935 1961 994 2010; x_wconf 85' lang='lat' dir='ltr'><strong>et</strong></span> <span class='ocrx_word' id='word_1_162' title='bbox 1029 1958 1373 2025; x_wconf 86' lang='lat' dir='ltr'><strong>vespertinus</strong></span> <span class='ocrx_word' id='word_1_163' title='bbox 1409 1961 1539 2025; x_wconf 89' lang='lat' dir='ltr'><strong>pete</strong></span> <span class='ocrx_word' id='word_1_164' title='bbox 1574 1961 1799 2025; x_wconf 87' lang='lat' dir='ltr'><strong>tectum,</strong></span> <span class='ocrx_word' id='word_1_165' title='bbox 1948 1970 1989 2008; x_wconf 76' lang='grc' dir='ltr'><strong>εο</strong></span> 
     </span>
     <span class='ocr_line' id='line_1_25' title="bbox 303 2032 1581 2101; baseline -0.002 -15"><span class='ocrx_word' id='word_1_166' title='bbox 303 2033 355 2086; x_wconf 89' lang='lat' dir='ltr'>N</span> <span class='ocrx_word' id='word_1_167' title='bbox 359 2050 390 2086; x_wconf 93' lang='lat' dir='ltr'><strong>e</strong></span> <span class='ocrx_word' id='word_1_168' title='bbox 424 2034 546 2101; x_wconf 91' lang='lat' dir='ltr'><strong>plus</strong></span> <span class='ocrx_word' id='word_1_169' title='bbox 581 2032 845 2086; x_wconf 85' lang='lat' dir='ltr'><strong>frumenti</strong></span> <span class='ocrx_word' id='word_1_170' title='bbox 882 2033 1158 2087; x_wconf 87' lang='lat' dir='ltr'><strong>dotalibus</strong></span> <span class='ocrx_word' id='word_1_171' title='bbox 1194 2037 1402 2088; x_wconf 84' lang='lat' dir='ltr'><strong>emetat</strong></span> <span class='ocrx_word' id='word_1_172' title='bbox 1436 2033 1581 2100; x_wconf 84' lang='lat' dir='ltr'><strong>agris</strong></span> 
     </span>
    </p>

    <p class='ocr_par' dir='ltr' id='par_1_18' title="bbox 305 2108 1750 2176">
     <span class='ocr_line' id='line_1_26' title="bbox 305 2108 1750 2176; baseline -0.001 -14"><span class='ocrx_word' id='word_1_173' title='bbox 305 2109 496 2162; x_wconf 88' lang='lat' dir='ltr'><strong>Mutus</strong></span> <span class='ocrx_word' id='word_1_174' title='bbox 535 2112 606 2175; x_wconf 90' lang='lat' dir='ltr'><strong>et,</strong></span> <span class='ocrx_word' id='word_1_175' title='bbox 643 2109 928 2175; x_wconf 84' lang='lat' dir='ltr'><strong>indiguum</strong></span> <span class='ocrx_word' id='word_1_176' title='bbox 966 2109 1114 2176; x_wconf 88' lang='lat' dir='ltr'><strong>quod</strong></span> <span class='ocrx_word' id='word_1_177' title='bbox 1151 2110 1239 2176; x_wconf 88' lang='lat' dir='ltr'><strong>sit,</strong></span> <span class='ocrx_word' id='word_1_178' title='bbox 1275 2108 1558 2176; x_wconf 89' lang='lat' dir='ltr'><strong>pejoribus</strong></span> <span class='ocrx_word' id='word_1_179' title='bbox 1594 2110 1750 2161; x_wconf 88' lang='lat' dir='ltr'><strong>ortus</strong></span> 
     </span>
    </p>

    <p class='ocr_par' dir='ltr' id='par_1_19' title="bbox 305 2183 1609 2253">
     <span class='ocr_line' id='line_1_27' title="bbox 305 2183 1609 2253; baseline 0 -16"><span class='ocrx_word' id='word_1_180' title='bbox 305 2185 412 2238; x_wconf 91' lang='lat' dir='ltr'><strong>Hic</strong></span> <span class='ocrx_word' id='word_1_181' title='bbox 447 2183 550 2237; x_wconf 87' lang='lat' dir='ltr'><strong>tibi</strong></span> <span class='ocrx_word' id='word_1_182' title='bbox 588 2184 660 2237; x_wconf 90' lang='lat' dir='ltr'><strong>sit</strong></span> <span class='ocrx_word' id='word_1_183' title='bbox 692 2184 876 2252; x_wconf 89' lang='lat' dir='ltr'><strong>potius</strong></span> <span class='ocrx_word' id='word_1_184' title='bbox 912 2201 1076 2253; x_wconf 88' lang='lat' dir='ltr'><strong>quam</strong></span> <span class='ocrx_word' id='word_1_185' title='bbox 1112 2188 1177 2237; x_wconf 90' lang='lat' dir='ltr'><strong>tu</strong></span> <span class='ocrx_word' id='word_1_186' title='bbox 1212 2184 1480 2237; x_wconf 82' lang='lat' dir='ltr'><strong>mirabilis</strong></span> <span class='ocrx_word' id='word_1_187' title='bbox 1517 2184 1609 2237; x_wconf 88' lang='lat' dir='ltr'><strong>illi.</strong></span> 
     </span>
    </p>

    <p class='ocr_par' dir='ltr' id='par_1_20' title="bbox 303 2259 1977 2479">
     <span class='ocr_line' id='line_1_28' title="bbox 305 2259 1894 2329; baseline -0.001 -16"><span class='ocrx_word' id='word_1_188' title='bbox 305 2260 587 2329; x_wconf 86' lang='lat' dir='ltr'><strong>Quidquid</strong></span> <span class='ocrx_word' id='word_1_189' title='bbox 627 2259 730 2312; x_wconf 90' lang='lat' dir='ltr'><strong>sub</strong></span> <span class='ocrx_word' id='word_1_190' title='bbox 766 2264 919 2313; x_wconf 89' lang='lat' dir='ltr'><strong>terra</strong></span> <span class='ocrx_word' id='word_1_191' title='bbox 955 2263 1040 2312; x_wconf 89' lang='lat' dir='ltr'><strong>est</strong></span> <span class='ocrx_word' id='word_1_192' title='bbox 1075 2260 1132 2312; x_wconf 84' lang='lat' dir='ltr'><strong>in</strong></span> <span class='ocrx_word' id='word_1_193' title='bbox 1169 2260 1412 2328; x_wconf 88' lang='lat' dir='ltr'><strong>apricum</strong></span> <span class='ocrx_word' id='word_1_194' title='bbox 1449 2259 1693 2326; x_wconf 83' lang='lat' dir='ltr'><strong>proferet</strong></span> <span class='ocrx_word' id='word_1_195' title='bbox 1730 2262 1894 2323; x_wconf 78' lang='lat' dir='ltr'><strong>aetas3</strong></span> 
     </span>
     <span class='ocr_line' id='line_1_29' title="bbox 303 2334 1977 2403; baseline -0.001 -15"><span class='ocrx_word' id='word_1_196' title='bbox 303 2335 561 2388; x_wconf 83' lang='lat' dir='ltr'><strong>Dcfodiet</strong></span> <span class='ocrx_word' id='word_1_197' title='bbox 597 2335 904 2403; x_wconf 89' lang='lat' dir='ltr'><strong>condetque</strong></span> <span class='ocrx_word' id='word_1_198' title='bbox 940 2335 1189 2389; x_wconf 83' lang='lat' dir='ltr'><strong>nitentia.</strong></span> <span class='ocrx_word' id='word_1_199' title='bbox 1262 2335 1401 2388; x_wconf 84' lang='lat' dir='ltr'><strong>Cum</strong></span> <span class='ocrx_word' id='word_1_200' title='bbox 1438 2334 1580 2387; x_wconf 90' lang='lat' dir='ltr'><strong>bene</strong></span> <span class='ocrx_word' id='word_1_201' title='bbox 1618 2337 1804 2387; x_wconf 91' lang='lat' dir='ltr'><strong>notum</strong></span> <span class='ocrx_word' id='word_1_202' title='bbox 1938 2347 1977 2386; x_wconf 74' lang='lat'><strong>2⁵</strong></span> 
     </span>
     <span class='ocr_line' id='line_1_30' title="bbox 303 2410 1767 2479; baseline -0.001 -16"><span class='ocrx_word' id='word_1_203' title='bbox 303 2411 557 2464; x_wconf 88' lang='lat' dir='ltr'><strong>Porticus</strong></span> <span class='ocrx_word' id='word_1_204' title='bbox 596 2412 877 2479; x_wconf 83' lang='lat' dir='ltr'><strong>Agrippae</strong></span> <span class='ocrx_word' id='word_1_205' title='bbox 914 2414 972 2463; x_wconf 91' lang='lat' dir='ltr'><strong>et</strong></span> <span class='ocrx_word' id='word_1_206' title='bbox 1008 2411 1096 2463; x_wconf 85' lang='lat' dir='ltr'><strong>via</strong></span> <span class='ocrx_word' id='word_1_207' title='bbox 1131 2415 1189 2464; x_wconf 91' lang='lat' dir='ltr'><strong>te</strong></span> <span class='ocrx_word' id='word_1_208' title='bbox 1225 2410 1567 2479; x_wconf 86' lang='lat' dir='ltr'><strong>conspexerit</strong></span> <span class='ocrx_word' id='word_1_209' title='bbox 1604 2410 1767 2478; x_wconf 88' lang='lat' dir='ltr'><strong>Appi,</strong></span> 
     </span>
    </p>

    <p class='ocr_par' dir='ltr' id='par_1_21' title="bbox 304 2486 1788 2555">
     <span class='ocr_line' id='line_1_31' title="bbox 304 2486 1788 2555; baseline -0.001 -16"><span class='ocrx_word' id='word_1_210' title='bbox 304 2486 397 2540; x_wconf 86' lang='lat' dir='ltr'><strong>Ire</strong></span> <span class='ocrx_word' id='word_1_211' title='bbox 431 2490 619 2539; x_wconf 86' lang='lat' dir='ltr'><strong>tamen</strong></span> <span class='ocrx_word' id='word_1_212' title='bbox 657 2489 831 2538; x_wconf 87' lang='lat' dir='ltr'><strong>restat</strong></span> <span class='ocrx_word' id='word_1_213' title='bbox 868 2486 1053 2538; x_wconf 83' lang='lat' dir='ltr'><strong>Numa</strong></span> <span class='ocrx_word' id='word_1_214' title='bbox 1087 2502 1197 2555; x_wconf 86' lang='lat' dir='ltr'><strong>quo</strong></span> <span class='ocrx_word' id='word_1_215' title='bbox 1234 2486 1457 2539; x_wconf 84' lang='lat' dir='ltr'><strong>devenit</strong></span> <span class='ocrx_word' id='word_1_216' title='bbox 1492 2489 1551 2538; x_wconf 88' lang='lat' dir='ltr'><strong>et</strong></span> <span class='ocrx_word' id='word_1_217' title='bbox 1588 2486 1788 2538; x_wconf 76' lang='lat' dir='ltr'><strong>Ancus,</strong></span> 
     </span>
    </p>

    <p class='ocr_par' dir='ltr' id='par_1_22' title="bbox 303 2562 1624 2615">
     <span class='ocr_line' id='line_1_32' title="bbox 303 2562 1624 2615; baseline -0.002 0"><span class='ocrx_word' id='word_1_218' title='bbox 303 2563 362 2615; x_wconf 81' lang='lat' dir='ltr'><strong>Si</strong></span> <span class='ocrx_word' id='word_1_219' title='bbox 397 2562 543 2614; x_wconf 86' lang='lat' dir='ltr'><strong>latus</strong></span> <span class='ocrx_word' id='word_1_220' title='bbox 579 2566 676 2615; x_wconf 91' lang='lat' dir='ltr'><strong>aut</strong></span> <span class='ocrx_word' id='word_1_221' title='bbox 710 2577 872 2613; x_wconf 89' lang='lat' dir='ltr'><strong>renes</strong></span> <span class='ocrx_word' id='word_1_222' title='bbox 908 2562 1099 2615; x_wconf 88' lang='lat' dir='ltr'><strong>morbo</strong></span> <span class='ocrx_word' id='word_1_223' title='bbox 1140 2566 1427 2615; x_wconf 84' lang='lat' dir='ltr'><strong>tentantur</strong></span> <span class='ocrx_word' id='word_1_224' title='bbox 1463 2564 1624 2615; x_wconf 87' lang='lat' dir='ltr'><strong>acuto</strong></span> 
     </span>
    </p>

    <p class='ocr_par' dir='ltr' id='par_1_23' title="bbox 302 2636 1967 2855">
     <span class='ocr_line' id='line_1_33' title="bbox 305 2636 1898 2723; baseline 0 -34"><span class='ocrx_word' id='word_1_225' title='bbox 305 2637 521 2700; x_wconf 76' lang='lat' dir='ltr'><strong>Quaeie</strong></span> <span class='ocrx_word' id='word_1_226' title='bbox 555 2637 739 2702; x_wconf 86' lang='lat' dir='ltr'><strong>fugam</strong></span> <span class='ocrx_word' id='word_1_227' title='bbox 778 2636 967 2689; x_wconf 84' lang='lat' dir='ltr'><strong>morbi.</strong></span> <span class='ocrx_word' id='word_1_228' title='bbox 1041 2637 1142 2690; x_wconf 90' lang='lat' dir='ltr'><strong>Vis</strong></span> <span class='ocrx_word' id='word_1_229' title='bbox 1177 2641 1328 2691; x_wconf 90' lang='lat' dir='ltr'><strong>recte</strong></span> <span class='ocrx_word' id='word_1_230' title='bbox 1363 2638 1575 2690; x_wconf 85' lang='lat' dir='ltr'><strong>vivere:</strong></span> <span class='ocrx_word' id='word_1_231' title='bbox 1612 2636 1734 2723; x_wconf 79' lang='lat' dir='ltr'><strong>quis</strong></span> <span class='ocrx_word' id='word_1_232' title='bbox 1767 2637 1898 2689; x_wconf 65' lang='lat' dir='ltr'><strong>non?</strong></span> 
     </span>
     <span class='ocr_line' id='line_1_34' title="bbox 302 2710 1967 2780; baseline -0.001 -15"><span class='ocrx_word' id='word_1_233' title='bbox 302 2711 360 2765; x_wconf 81' lang='lat' dir='ltr'><strong>Si</strong></span> <span class='ocrx_word' id='word_1_234' title='bbox 396 2712 570 2765; x_wconf 78' lang='grc'><strong>11111118</strong></span> <span class='ocrx_word' id='word_1_235' title='bbox 605 2710 707 2764; x_wconf 87' lang='lat' dir='ltr'><strong>hoc</strong></span> <span class='ocrx_word' id='word_1_236' title='bbox 743 2729 852 2764; x_wconf 86' lang='lat' dir='ltr'><strong>una</strong></span> <span class='ocrx_word' id='word_1_237' title='bbox 887 2715 1072 2779; x_wconf 90' lang='lat' dir='ltr'><strong>potest</strong></span> <span class='ocrx_word' id='word_1_238' title='bbox 1107 2712 1257 2780; x_wconf 88' lang='lat' dir='ltr'><strong>dare,</strong></span> <span class='ocrx_word' id='word_1_239' title='bbox 1295 2713 1453 2765; x_wconf 88' lang='lat' dir='ltr'><strong>fortis</strong></span> <span class='ocrx_word' id='word_1_240' title='bbox 1489 2711 1703 2765; x_wconf 79' lang='lat' dir='ltr'><strong>omissi-s</strong></span> <span class='ocrx_word' id='word_1_241' title='bbox 1929 2725 1967 2764; x_wconf 68' lang='lat' dir='ltr'><strong>ao</strong></span> 
     </span>
     <span class='ocr_line' id='line_1_35' title="bbox 302 2786 1672 2855; baseline -0.001 -15"><span class='ocrx_word' id='word_1_242' title='bbox 302 2788 425 2840; x_wconf 92' lang='lat' dir='ltr'><strong>Hoc</strong></span> <span class='ocrx_word' id='word_1_243' title='bbox 459 2805 523 2855; x_wconf 77' lang='lat' dir='ltr'><strong>ag</strong></span> <span class='ocrx_word' id='word_1_244' title='bbox 517 2804 560 2840; x_wconf 91' lang='lat' dir='ltr'><strong>e</strong></span> <span class='ocrx_word' id='word_1_245' title='bbox 597 2786 820 2840; x_wconf 90' lang='lat' dir='ltr'><strong>deliciis</strong></span> <span class='ocrx_word' id='word_1_246' title='bbox 895 2788 1176 2841; x_wconf 87' lang='lat' dir='ltr'><strong>Virtutem</strong></span> <span class='ocrx_word' id='word_1_247' title='bbox 1212 2788 1379 2841; x_wconf 84' lang='lat' dir='ltr'><strong>verba</strong></span> <span class='ocrx_word' id='word_1_248' title='bbox 1414 2793 1578 2855; x_wconf 86' lang='lat' dir='ltr'><strong>putas</strong></span> <span class='ocrx_word' id='word_1_249' title='bbox 1612 2791 1672 2840; x_wconf 89' lang='lat' dir='ltr'><strong>et</strong></span> 
     </span>
    </p>

    <p class='ocr_par' dir='ltr' id='par_1_24' title="bbox 301 2863 1674 2931">
     <span class='ocr_line' id='line_1_36' title="bbox 301 2863 1674 2931; baseline -0.001 -14"><span class='ocrx_word' id='word_1_250' title='bbox 301 2863 510 2917; x_wconf 87' lang='lat' dir='ltr'><strong>Lucum</strong></span> <span class='ocrx_word' id='word_1_251' title='bbox 546 2863 719 2929; x_wconf 80' lang='lat' dir='ltr'><strong>ligna:</strong></span> <span class='ocrx_word' id='word_1_252' title='bbox 758 2880 888 2916; x_wconf 87' lang='lat' dir='ltr'><strong>cave</strong></span> <span class='ocrx_word' id='word_1_253' title='bbox 923 2880 993 2916; x_wconf 92' lang='lat' dir='ltr'><strong>ne</strong></span> <span class='ocrx_word' id='word_1_254' title='bbox 1026 2868 1219 2931; x_wconf 87' lang='lat' dir='ltr'><strong>portus</strong></span> <span class='ocrx_word' id='word_1_255' title='bbox 1256 2869 1484 2931; x_wconf 89' lang='lat' dir='ltr'><strong>occupet</strong></span> <span class='ocrx_word' id='word_1_256' title='bbox 1519 2864 1674 2927; x_wconf 85' lang='lat' dir='ltr'><strong>alter,</strong></span> 
     </span>
    </p>

    <p class='ocr_par' dir='ltr' id='par_1_25' title="bbox 301 2938 1652 3007">
     <span class='ocr_line' id='line_1_37' title="bbox 301 2938 1652 3007; baseline 0.001 -16"><span class='ocrx_word' id='word_1_257' title='bbox 301 2940 389 2992; x_wconf 89' lang='lat' dir='ltr'><strong>Ne</strong></span> <span class='ocrx_word' id='word_1_258' title='bbox 427 2938 750 3004; x_wconf 61' lang='lat' dir='ltr'><strong>Cibyratica,</strong></span> <span class='ocrx_word' id='word_1_259' title='bbox 787 2954 858 2989; x_wconf 89' lang='lat' dir='ltr'><strong>ne</strong></span> <span class='ocrx_word' id='word_1_260' title='bbox 896 2938 1136 3004; x_wconf 85' lang='lat' dir='ltr'><strong>Bithyna</strong></span> <span class='ocrx_word' id='word_1_261' title='bbox 1170 2940 1389 3005; x_wconf 85' lang='lat' dir='ltr'><strong>negotia</strong></span> <span class='ocrx_word' id='word_1_262' title='bbox 1422 2940 1652 3007; x_wconf 85' lang='lat' dir='ltr'><strong>perdas;</strong></span> 
     </span>
    </p>

    <p class='ocr_par' dir='ltr' id='par_1_26' title="bbox 301 3011 1954 3231">
     <span class='ocr_line' id='line_1_38' title="bbox 301 3011 1878 3081; baseline 0.001 -17"><span class='ocrx_word' id='word_1_263' title='bbox 301 3013 457 3065; x_wconf 85' lang='lat' dir='ltr'><strong>Mille</strong></span> <span class='ocrx_word' id='word_1_264' title='bbox 491 3011 699 3064; x_wconf 78' lang='lat' dir='ltr'><strong>talenta</strong></span> <span class='ocrx_word' id='word_1_265' title='bbox 733 3012 1115 3078; x_wconf 85' lang='lat' dir='ltr'><strong>rotundentur,</strong></span> <span class='ocrx_word' id='word_1_266' title='bbox 1152 3014 1386 3067; x_wconf 75' lang='lat' dir='ltr'><strong>totidem</strong></span> <span class='ocrx_word' id='word_1_267' title='bbox 1422 3015 1612 3080; x_wconf 86' lang='lat' dir='ltr'><strong>altera,</strong></span> <span class='ocrx_word' id='word_1_268' title='bbox 1650 3030 1804 3081; x_wconf 86' lang='lat' dir='ltr'><strong>porro</strong></span> <span class='ocrx_word' id='word_1_269' title='bbox 1831 3018 1878 3066; x_wconf 85' lang='lat' dir='ltr'><strong>et</strong></span> 
     </span>
     <span class='ocr_line' id='line_1_39' title="bbox 301 3083 1954 3157; baseline 0.002 -19"><span class='ocrx_word' id='word_1_270' title='bbox 301 3086 486 3139; x_wconf 78' lang='lat' dir='ltr'><strong>Tertia</strong></span> <span class='ocrx_word' id='word_1_271' title='bbox 521 3083 812 3137; x_wconf 81' lang='lat' dir='ltr'><strong>succedant</strong></span> <span class='ocrx_word' id='word_1_272' title='bbox 848 3090 905 3139; x_wconf 90' lang='lat' dir='ltr'><strong>et</strong></span> <span class='ocrx_word' id='word_1_273' title='bbox 941 3102 1082 3151; x_wconf 82' lang='lat' dir='ltr'><strong>quae</strong></span> <span class='ocrx_word' id='word_1_274' title='bbox 1117 3104 1244 3153; x_wconf 87' lang='lat' dir='ltr'><strong>pars</strong></span> <span class='ocrx_word' id='word_1_275' title='bbox 1280 3089 1517 3157; x_wconf 82' lang='lat' dir='ltr'><strong>quadrat</strong></span> <span class='ocrx_word' id='word_1_276' title='bbox 1550 3104 1810 3143; x_wconf 88' lang='lat' dir='ltr'><strong>acervum.</strong></span> <span class='ocrx_word' id='word_1_277' title='bbox 1918 3103 1954 3142; x_wconf 77' lang='lat'><strong>25</strong></span> 
     </span>
     <span class='ocr_line' id='line_1_40' title="bbox 301 3160 1743 3231; baseline 0.001 -16"><span class='ocrx_word' id='word_1_278' title='bbox 301 3160 519 3216; x_wconf 80' lang='lat' dir='ltr'><strong>Scilicet</strong></span> <span class='ocrx_word' id='word_1_279' title='bbox 551 3173 777 3211; x_wconf 85' lang='lat' dir='ltr'><strong>uxorem</strong></span> <span class='ocrx_word' id='word_1_280' title='bbox 808 3174 931 3211; x_wconf 86' lang='lat' dir='ltr'><strong>cum</strong></span> <span class='ocrx_word' id='word_1_281' title='bbox 967 3160 1098 3213; x_wconf 88' lang='lat' dir='ltr'><strong>dote</strong></span> <span class='ocrx_word' id='word_1_282' title='bbox 1133 3162 1411 3231; x_wconf 84' lang='lat' dir='ltr'><strong>fidemque</strong></span> <span class='ocrx_word' id='word_1_283' title='bbox 1447 3167 1508 3217; x_wconf 88' lang='lat' dir='ltr'><strong>et</strong></span> <span class='ocrx_word' id='word_1_284' title='bbox 1541 3163 1743 3216; x_wconf 81' lang='lat' dir='ltr'><strong>amicos</strong></span> 
     </span>
    </p>
   </div>
   <div class='ocr_carea' id='block_1_5' title="bbox 2140 1924 2144 3083">
    <p class='ocr_par' dir='ltr' id='par_1_27' title="bbox 2140 1924 2144 3083">
     <span class='ocr_line' id='line_1_41' title="bbox 2140 1924 2144 3083; baseline 0 0"><span class='ocrx_word' id='word_1_285' title='bbox 2140 1924 2144 3083; x_wconf 95' lang='lat' dir='ltr'><strong> </strong></span> 
     </span>
    </p>
   </div>
  </div>
 </body>
</html>
