2217 3559
695 105 1106 159 CARMINUM
1141 105 1248 153 ΙΙΙ.
1290 106 1362 163 12,
1408 106 1479 163 13,
1523 105 1595 151 14.
1924 103 1986 151 53

571 187 764 241 Omine
802 192 861 242 et
894 186 1067 240 nostri
1104 201 1402 239 memorem
1438 184 1685 254 sepulcro

636 264 828 332 Scalpe
864 262 1187 331 querelam.’'

1070 398 1207 454 XII.

278 481 644 536 MISERARUM
680 484 768 535 est
801 497 981 549 neque
1017 481 1189 534 amori
1225 481 1360 534 dare
1393 478 1584 534 ludum
1617 493 1794 546 neque
1831 475 1977 530 dulei

279 558 441 610 Mala
475 558 599 609 vino
636 557 835 623 lavere,
871 562 969 610 aut
1005 557 1305 610 exanimari
1342 559 1648 610 metuentes

359 632 599 686 Patruae
633 632 864 686 verbera
896 632 1127 699 linguae.

282 707 412 760 'ribi
450 709 668 776 qualum
706 708 1008 775 Cythereae
1041 722 1180 774 puer
1213 707 1341 774 aloe,
1376 707 1478 759 tibi
1513 706 1653 759 telas

282 782 674 851 operosaeque
710 783 995 837 Minervae
1031 782 1273 836 studium
1308 783 1504 849 aufert,
1540 782 1590 834 N
1596 781 1804 847 eobule,

361 858 613 926 Liparaei
648 860 794 912 nitor
830 859 1022 925 Hebri,

284 934 462 986 Simul
496 938 689 986 unctos
725 934 994 986 Tiberinis
1029 934 1281 986 humeros
1315 933 1450 987 lavit
1483 934 1540 986 in
1574 932 1751 999 undis,

285 1008 476 1077 Eques
510 1010 628 1076 ipso
664 1009 855 1061 melior
892 1009 1328 1075 Bellerophonte,
1366 1025 1543 1077 neque
1577 1025 1759 1077 pugno

358 1084 556 1153 Neque
592 1085 745 1150 segni
779 1084 922 1152 pede
957 1085 1162 1148 victus;

286 1161 463 1213 Catus
495 1159 642 1212 idem
678 1176 779 1228 per
814 1164 1065 1226 apertum
1100 1160 1375 1226 fugientes
1410 1160 1618 1226 agitato
1942 1174 1990 1215 10

283 1235 475 1302 Grege
510 1251 695 1287 cervos
723 1235 955 1301 jaculari
991 1241 1050 1288 et
1084 1235 1229 1288 celer
1265 1236 1376 1288 alto
1411 1235 1722 1290 latitantem

356 1309 644 1364 Fruticeto
678 1310 932 1378 excipere
966 1326 1176 1379 aprum.

1057 1445 1228 1499 XIII.

569 1529 616 1582 O
654 1545 788 1583 FoNs
827 1529 1147 1594 Bandusiae,
1185 1529 1520 1598 splendidior
1555 1532 1711 1600 vitr0,

569 1605 730 1658 Dulci
767 1605 931 1671 digne
967 1621 1118 1657 mero
1152 1622 1261 1657 non
1297 1607 1412 1659 sine
1448 1606 1685 1675 floribuS,

637 1680 772 1734 Cras
808 1679 1094 1732 donaberis
1129 1680 1305 1733 haedo

706 1755 809 1809 Cui
844 1755 994 1808 frons
1027 1756 1252 1822 turgida
1286 1756 1537 1809 cornibus

569 1832 769 1884 Primis
804 1835 862 1884 ct
897 1848 1152 1884 venerem
1188 1839 1246 1886 et
1280 1833 1485 1900 proelia
1520 1832 1779 1902 destinat,
1964 1867 1990 1906 5

571 1907 826 1960 Frustra:
864 1923 989 1958 nam
1026 1907 1238 1973 gelidos
1272 1908 1475 1961 inficiet
1508 1908 1614 1961 tibi

637 1983 826 2035 Rubro
862 1983 1126 2050 sanguine
1161 1983 1305 2035 rivos

708 2058 920 2111 Lascivi
956 2057 1173 2110 suboles
1206 2058 1400 2125 gregis,

571 2133 647 2186 Te
683 2133 962 2200 flagrantis
997 2136 1156 2185 atrox
1192 2133 1326 2185 hora
1362 2133 1650 2188 Caniculae

572 2209 762 2263 Nescit
796 2212 1037 2274 tangere,
1075 2211 1140 2261 tu
1174 2209 1347 2275 frigus
1381 2209 1613 2263 amabile
1952 2226 1992 2266 ια

639 2283 821 2336 Fessis
857 2296 1075 2336 vomere
1108 2284 1283 2336 tauris

708 2357 949 2410 Praebes
982 2362 1038 2411 et
1071 2359 1255 2425 pecori
1292 2374 1441 2425 vago.

571 2433 696 2486 Fies
729 2434 990 2485 nobilium
1025 2436 1089 2485 tu
1126 2449 1343 2502 quoque
1377 2434 1623 2500 fontium,

569 2509 663 2565 Me
698 2508 915 2562 dicente
951 2510 1095 2560 cavis
1131 2508 1442 2576 impositam
1477 2509 1656 2563 ilicem

638 2585 807 2646 Saxi&
842 2583 988 2636 unde
1023 2583 1276 2651 loquaces
1950 2598 1996 2638 15

707 2658 985 2726 Lymphae
1020 2658 1279 2712 desiliunt
1313 2663 1455 2713 tuae.

567 2886 862 2940 Haacums
898 2884 1011 2939 ritu
1044 2886 1208 2937 modo
1245 2885 1438 2952 dictus,
1476 2902 1508 2938 o
1543 2885 1716 2955 plebs,

573 2960 757 3013 Morte
793 2960 1040 3013 venalem
1075 2962 1301 3029 petiisse
1335 2962 1547 3013 laurum

569 3036 773 3091 Caesar
808 3034 1056 3103 Hispana
1090 3037 1294 3105 repetit
1328 3041 1556 3107 penates

637 3110 832 3165 Victor
865 3109 936 3165 ab
975 3126 1080 3166 ora.
