2217 3559
252 101 344 150 176
798 102 1105 152 HORATII
1141 104 1401 154 FLAOCI

249 180 550 236 Mutandus
585 180 736 236 locus
771 188 856 237 est
891 188 948 237 ot
984 185 1297 239 deversoria
1331 189 1464 240 nota
1935 206 1981 245 ιο

250 257 723 325 Praeter-agendus
748 276 934 327 equus.
991 261 1151 325 “Quo
1174 262 1392 316 tendis?
1436 262 1490 315 Ν
1492 278 1563 314 011
1590 263 1729 317 mihi
1759 263 1974 318 Cumas

252 334 352 386 Est
387 333 495 386 iter
528 338 624 386 aut
660 334 865 402 Baias‚’'
901 335 1056 389 laeva
1090 338 1463 391 stomachosus
1500 337 1719 391 habena

252 407 414 462 Dicet
448 426 646 477 eques3
682 411 781 464 sed
814 411 941 480 equi
978 411 1194 465 frenato
1230 416 1316 467 est
1349 415 1497 467 auris
1532 415 1590 467 in
1626 415 1757 480 ore.)

251 482 431 551 Major
463 488 649 539 utrum
684 486 942 554 populum
976 487 1242 542 frumenti
1275 488 1430 557 eopia
1462 493 1656 558 pascat
1668 510 1683 555 ;

252 560 587 615 Collectosne
621 560 814 616 bibant
846 561 1051 616 imbres
1086 567 1354 630 puteosne
1388 580 1662 631 perennes
1918 578 1963 616 15

251 636 289 688 J
292 636 413 704 ugis
447 652 621 706 aquae
635 658 648 702 ;
686 639 830 703 (nam
863 637 989 690 vina
1022 637 1159 691 nihil
1194 655 1375 691 moror
1409 639 1555 692 illius
1590 654 1746 704 orae;

254 711 404 765 Rure
439 729 560 765 meo
594 729 814 782 possum
850 713 1066 781 quidvis
1099 714 1344 781 perferre
1378 714 1620 782 patique,

255 788 348 840 Ad
383 805 531 841 mare
567 805 689 842 cum
724 789 848 842 veni
882 804 1205 856 generosum
1243 794 1300 843 et
1335 790 1458 843 lene
1491 790 1724 857 require,

254 864 411 927 Quod
448 880 606 917 curas
639 863 839 932 abigat,
876 863 1025 933 quod
1057 881 1184 918 cum
1219 882 1317 934 spe
1353 866 1525 919 divite
1560 870 1745 919 manet

256 939 323 992 In
360 956 525 993 venas
559 940 907 1008 animumque
941 956 1139 1005 meum,
1176 940 1323 1008 quod
1357 940 1524 994 verba
1557 941 1847 1004 ministret,
1905 953 1950 991 2)

255 1015 415 1079 Quod
449 1033 536 1069 me
574 1016 819 1069 Lucanae
846 1015 1104 1082 juvenem
1140 1016 1485 1069 commendet
1521 1016 1758 1083 amicae.)

254 1091 482 1146 Tractus
516 1095 643 1145 uter
677 1090 859 1159 plures
893 1091 1121 1159 lepores,
1158 1094 1285 1144 uter
1320 1092 1520 1145 educet
1556 1108 1734 1161 apros,

253 1167 398 1221 Utra
431 1168 603 1235 magis
638 1167 812 1234 pisces
846 1170 905 1219 et
938 1166 1157 1219 echinos
1192 1183 1433 1234 aequora
1466 1167 1661 1235 celent,

256 1243 479 1310 Pinguis
514 1247 578 1296 ut
612 1242 741 1296 inde
778 1242 999 1294 domum
1033 1242 1236 1309 possim
1275 1241 1602 1310 Phaeaxque
1636 1242 1854 1307 reverti,

255 1319 503 1373 Scribere
539 1323 596 1371 te
632 1317 799 1382 nobis,
834 1316 936 1370 tibi
971 1334 1071 1370 nos
1105 1317 1396 1371 accredere
1431 1333 1532 1385 par
1568 1321 1669 1372 est.
1901 1331 1947 1370 2⁵

256 1395 518 1462 Maenius,
555 1398 619 1447 ut
653 1392 818 1446 rebus
854 1392 1116 1445 maternis
1151 1396 1319 1461 atque
1353 1393 1599 1460 paternis

257 1471 498 1525 Fortiter
532 1468 836 1536 absumptis
870 1466 1112 1520 urbanus
1147 1469 1328 1535 coepit
1361 1468 1570 1535 haberi,

255 1547 452 1600 Scurra
485 1561 653 1613 vagus
687 1560 794 1597 non
830 1543 923 1612 qui
959 1547 1168 1596 certum
1204 1560 1469 1611 praesepe
1511 1547 1744 1612 teneret,

257 1622 573 1690 Impransus
608 1636 715 1673 non
751 1619 846 1687 qui
880 1619 1053 1672 civem
1089 1619 1400 1672 dinosceret
1434 1620 1608 1686 hoste,

257 1697 545 1761 Quaelibet
579 1696 635 1748 in
672 1694 917 1764 quemvis
952 1693 1247 1762 opprobria
1280 1695 1488 1763 fingere
1525 1711 1734 1762 saevus,
1900 1710 1944 1749 30

257 1773 530 1826 Pernicies
564 1775 624 1825 et
657 1773 954 1837 tempestas
989 1769 1415 1839 barathrumque
1452 1770 1681 1838 macelli,

258 1847 536 1916 Quidquid
573 1846 882 1914 quaesierat
917 1845 1096 1898 ventri
1136 1844 1377 1899 donabat
1413 1862 1592 1899 avaro,

258 1923 366 1976 Hie
399 1922 494 1975 ubi
528 1921 807 1990 nequitiae
840 1920 1148 1973 fautoribus
1183 1924 1244 1974 et
1279 1920 1487 1974 timidis
1522 1921 1599 1974 nil

260 2000 376 2051 Aut
410 1998 630 2065 paulum
668 1995 970 2049 abstulerat
1004 1995 1219 2061 patinas
1256 1996 1523 2049 coenabat
1559 1997 1731 2050 omasi

257 2073 397 2125 Vilis
432 2077 490 2125 et
528 2072 769 2138 agninae,
808 2070 986 2123 tribus
1021 2070 1164 2123 ursis
1201 2071 1350 2139 quod
1386 2071 1519 2124 satis
1556 2074 1733 2136 esset;
1902 2085 1945 2125 3⁵

258 2148 474 2202 Scilicet
508 2152 573 2200 ut
608 2152 826 2199 ventres
861 2144 1042 2198 13111113
1076 2146 1348 2199 candente
1383 2150 1644 2214 nepotum

258 2225 480 2278 Diceret
514 2221 767 2286 urendos,
804 2225 1080 2274 corrector
1119 2221 1351 2275 Bestius,
1428 2221 1589 2274 Idem

260 2298 539 2366 Quidquid
575 2299 694 2350 erat
728 2301 920 2349 nactus
956 2296 1198 2363 praedae
1233 2296 1456 2362 majoris
1491 2295 1586 2350 ubi
1624 2313 1786 2350 omne

258 2376 519 2427 Verterat
553 2372 609 2425 in
644 2371 853 2424 fumum
889 2375 947 2424 et
981 2371 1235 2438 cinerem,
1283 2371 1375 2423 “N
1380 2387 1448 2424 on
1483 2371 1708 2425 hercule
1745 2371 1941 2436 miror,”

260 2449 477 2515 Aiebat,
515 2447 599 2500 “si
634 2447 728 2515 qui
764 2445 1058 2499 comedunt
1092 2444 1251 2510 bona,
1286 2463 1410 2500 cum
1447 2446 1521 2499 sit
1557 2446 1724 2500 obeso
1902 2462 1944 2499 4⁰

260 2528 306 2580 N
314 2528 351 2579 il
386 2525 579 2579 melius
613 2522 794 2589 turdo,
830 2522 906 2574 nil
941 2521 1101 2574 vulva
1136 2521 1415 2589 pulchrius
1450 2521 1673 2590 ampla.”

259 2601 529 2656 Nimirum
564 2598 651 2652 hie
687 2613 789 2664 ego
825 2612 975 2661 sum3
1008 2612 1136 2648 nam
1171 2600 1295 2649 tuta
1328 2602 1387 2650 et
1420 2598 1649 2665 parvula
1680 2597 1841 2652 laudo

260 2678 398 2729 Cum
433 2691 521 2727 res
558 2673 833 2739 deficiunt,
871 2670 1003 2724 satis
1038 2671 1186 2724 inter
1219 2672 1345 2725 vilia
1378 2673 1567 2737 fortis;

260 2753 468 2805 Verum
502 2748 597 2802 ubi
632 2746 767 2817 quid
801 2746 993 2800 melius
1029 2747 1299 2814 contingit
1334 2750 1393 2800 et
1428 2748 1644 2801 unctius
1679 2747 1826 2802 idem

260 2829 375 2880 Vos
410 2841 602 2894 sapere
639 2828 697 2877 et
733 2822 873 2876 solos
908 2822 993 2874 aio
1029 2821 1172 2875 bene
1207 2824 1406 2889 vivere,
1443 2839 1698 2891 quorum.
1904 2838 1946 2877 45

260 2900 605 2972 Conspicitur
638 2896 828 2953 nitidis
863 2896 1093 2951 fundata
1126 2898 1358 2967 pecunia
1393 2897 1547 2952 villis.

2099 3230 2118 3278 Ἀ
