2217 3559
32 1659 85 1882 (r

32 1885 35 1914 ι

32 1953 35 2014 ἑ

32 2023 35 2070 Ξ

782 91 1293 142 EPISTOLARUM
1327 94 1369 143 Ι.
1411 93 1457 145 7.
1760 144 1766 147 ,
1876 96 1964 146 167

183 172 288 229 Et.
333 190 544 243 genus
580 177 638 227 et
673 172 903 226 formam
937 174 1130 239 regina
1166 172 1403 227 Pecunia
1438 171 1621 241 donat,
1710 211 1714 216 ·

190 253 306 303 Ac
355 251 526 303 bene
560 253 901 303 nummatum
936 248 1161 301 decorat
1200 249 1438 302 Suadela
1475 250 1787 316 Venusque.

190 325 549 394 Mancipiis
584 324 824 391 locuples
859 328 988 390 eget
1023 325 1167 376 acris
1205 325 1585 392 Cappadocum
1620 341 1745 377 rex:

198 401 264 452 Ν
271 418 315 455 e
360 401 556 454 fueris
592 400 681 453 hie
716 405 794 453 tu.
866 399 1193 467 Chlamydes
1230 399 1501 466 Lucullus,
1537 404 1603 453 ut
1635 401 1803 467 aiunt,
1924 413 1969 453 ω

199 476 275 529 Si
321 480 542 543 posset
578 479 798 528 centum
835 491 1028 527 scenae
1059 474 1329 543 praebere
1364 479 1602 542 rogatus,

206 552 246 578 ‘³
265 552 408 616 Qui
450 568 673 619 possum
707 555 795 603 tot
811 550 858 603 ’δ”
899 552 977 603 ait
992 570 1006 614 ;
1048 552 1076 576 ‘³
1095 554 1283 603 tamen
1320 555 1380 603 et
1420 567 1677 619 quaeram
1726 554 1785 604 et
1833 554 1967 618 quot

386 627 612 680 habebo

208 702 484 756 Mittam
500 704 541 757 :’'
578 705 705 771 post
739 702 902 770 paulo
940 701 1132 755 scribit
1166 701 1270 755 sibi
1307 702 1477 755 millia
1512 703 1752 772 quinque

217 779 392 831 Esse
431 779 581 831 domi
615 778 990 846 chlamydum;
1022 782 1241 845 partem
1276 778 1364 831 vel
1400 779 1619 832 tolleret
1654 794 1851 833 omnes·

218 854 431 907 Exilis
467 855 662 907 domus
699 857 786 907 est
820 852 917 905 ubi
951 869 1059 905 non
1095 857 1155 906 et
1191 854 1364 916 multa
1399 859 1692 922 supersunt
1928 873 1971 911 45

221 930 315 984 Et,
359 931 652 984 dominum
686 929 884 982 fallunt
918 933 978 982 et
1012 933 1244 997 prosunt
1278 928 1506 981 furibus
1577 929 1736 997 Erg0‚

227 1005 298 1058 Si
343 1023 445 1060 res
482 1006 596 1059 sola
631 1009 818 1075 potest
851 1005 1034 1057 faeere
1070 1007 1130 1057 et
1164 1021 1383 1057 servare
1418 1003 1657 1072 beatum,

229 1081 385 1135 Hoc
418 1083 632 1150 primus
667 1085 888 1149 repetas
925 1096 1074 1148 opuS‚
1113 1080 1216 1132 hoc
1250 1084 1559 1148 postremus
1594 1080 1828 1135 omittas.

234 1157 305 1210 Si
347 1158 694 1211 fortunatum
731 1157 941 1225 speeies
976 1160 1035 1209 et
1069 1156 1250 1223 gratia
1285 1159 1544 1224 praestat,

236 1232 575 1286 Mereemur
610 1249 824 1285 servum
862 1231 956 1300 qui
993 1231 1168 1285 dictet
1203 1232 1435 1298 nomina,
1472 1232 1687 1285 laevum
1917 1252 1965 1290 50

238 1307 365 1371 Qui
402 1309 609 1361 fodicet
645 1308 790 1361 latus
827 1313 887 1361 et
922 1310 1081 1374 cogat
1119 1311 1274 1360 trans
1309 1308 1553 1376 pondera
1588 1308 1840 1361 dextram

251 1384 569 1453 Pon-igere.
641 1383 792 1435 “Hic
826 1382 1058 1435 multum
1095 1383 1153 1434 in
1191 1382 1363 1436 Fabia.
1398 1384 1559 1451 valet,
1598 1384 1689 1436 ille
1729 1384 1954 1449 Velina3

245 1459 363 1512 Oui
399 1460 538 1513 libet
571 1459 660 1512 1110
694 1458 867 1511 fasces
903 1457 1058 1510 dabit
1095 1458 1404 1527 eripietque
1442 1459 1629 1512 curule

249 1535 363 1589 Oui
397 1535 547 1589 volet
581 1535 925 1602 importunus
961 1533 1141 1586 ebur.''
1215 1534 1425 1598 Frater,
1464 1535 1646 1601 Pater,
1682 1536 1857 1603 adde;

251 1610 342 1664 Ut
376 1611 574 1678 cuique
611 1620 698 1663 est
732 1616 884 1663 aetas
919 1610 998 1662 ita
1033 1626 1309 1678 quemque
1344 1612 1553 1680 facetus
1587 1611 1804 1680 adopta..
1914 1632 1964 1671 55

251 1685 316 1739 Si
353 1686 498 1739 bene
533 1686 628 1754 qui
665 1688 860 1738 coenat
894 1683 1037 1738 bene
1073 1685 1223 1752 vivit,
1261 1686 1421 1755 lueet,
1458 1703 1645 1741 eamus

256 1762 383 1826 Quo
419 1762 574 1815 ducit
609 1762 766 1829 gula;
801 1761 1089 1830 piscemur,
1114 1778 1391 1829 venemur,
1427 1767 1493 1816 ut
1528 1764 1655 1817 olim

255 1837 554 1906 Gai-gihun,
592 1838 686 1906 qui
724 1853 882 1889 mane
916 1837 1119 1905 plagas,
1157 1838 1437 1906 venabula,
1476 1856 1660 1892 servos

256 1912 558 1967 Differtum
593 1914 827 1967 transire
862 1914 1039 1965 forum
1073 1914 1443 1983 populumque
1472 1914 1722 1984 jubebat,

258 1989 421 2043 Unus
458 1993 521 2043 ut
558 2006 589 2042 0
627 1989 812 2042 multis
849 1989 1048 2057 populo
1091 1993 1376 2056 spectante
1411 1992 1646 2045 referret
1921 2007 1969 2046 co

260 2066 530 2135 Emptum
565 2066 745 2118 mulus
781 2081 989 2132 aprum.
1061 2065 1232 2117 Crudi
1269 2067 1577 2135 tumidique
1613 2068 1867 2126 lavemur.

263 2142 414 2206 Quid
450 2141 656 2205 deceat,
694 2141 826 2209 quid
861 2156 985 2207 non,
1022 2139 1192 2206 obliti,
1234 2142 1449 2195 Caerite
1484 2159 1610 2195 cera

261 2217 446 2285 Digni,
482 2218 767 2285 remigium
805 2216 1061 2269 vitiosum
1100 2217 1405 2270 Ithacensis
1440 2218 1637 2288 Ulixei,

264 2293 368 2347 Oui
401 2295 583 2362 potior
617 2293 797 2361 patria
830 2292 935 2345 fuit
972 2292 1269 2347 interdicta
1303 2294 1566 2362 voluptas.

264 2369 339 2434 Si,
378 2369 738 2421 Mimnermus
774 2368 856 2421 uti
892 2371 1093 2434 censet,
1132 2367 1251 2421 sine
1285 2385 1469 2423 amore
1493 2369 1744 2440 jocisque
1922 2387 1970 2428 63

267 2445 359 2498 Nil
396 2449 483 2498 est
509 2444 829 2512 jucundum,
865 2442 1015 2495 vivas
1049 2443 1107 2495 in
1148 2459 1333 2498 amore
1358 2444 1622 2514 jocisque.

268 2520 421 2586 Vive,
457 2520 593 2573 vale.
664 2519 722 2573 Si
758 2518 894 2587 quid
928 2518 1129 2572 novisti
1163 2520 1367 2574 rectius
1401 2521 1522 2575 istis

268 2595 550 2650 Candidus
584 2595 840 2663 imperti3
876 2594 922 2646 si
958 2610 1067 2647 non
1101 2594 1189 2648 his
1223 2600 1380 2649 utere
1414 2613 1638 2652 meeum.

1053 2737 1189 2793 VII.

273 2822 530 2887 QUINQUE
565 2820 685 2873 dies
721 2819 826 2874 tibi
860 2818 1136 2888 pollicitus
1170 2837 1259 2874 me
1293 2838 1421 2876 rure
1455 2822 1713 2895 futurum,

272 2897 532 2951 Sextilem
567 2899 747 2949 totum
785 2895 1022 2948 mendax
1058 2896 1357 2950 desideror.
1431 2900 1604 2967 Atqui

273 2974 327 3027 Si
362 2989 452 3026 me
487 2972 672 3026 vivere
707 2972 790 3024 vis
825 2988 1015 3025 sanum
1051 2976 1313 3041 recteque
1347 2974 1632 3043 valentem,

274 3050 443 3114 Quam
477 3048 614 3101 mihi
650 3047 751 3100 das
786 3063 951 3115 aegro
987 3046 1143 3100 dabis
1178 3053 1459 3115 aegrotare
1496 3051 1728 3117 timenti,

273 3124 569 3191 Maecenas,
604 3124 834 3189 veniam,
872 3123 1004 3175 dum
1040 3123 1175 3176 ficus
1210 3124 1387 3191 prima
1420 3126 1675 3195 calorque
1944 3142 1972 3186 σ
