2217 3559
630 113 1041 166 CARMINUM
1076 113 1183 161 ΠΙ.
1226 114 1297 170 12,
1342 113 1415 171 13,
1458 114 1530 159 14.
1859 111 1921 159 55

507 195 698 249 Omine
736 200 795 250 et
829 194 1001 248 nostri
1039 209 1337 247 memorem
1373 192 1619 262 sepulcro

571 271 763 339 Scalpe
799 269 1121 339 querelam.'’

198 489 578 544 MISBRARUM
614 491 702 542 est
736 505 915 557 neque
951 489 1123 542 amori
1160 489 1294 543 dare
1329 487 1518 541 ludum
1551 502 1729 555 neque
1765 484 1911 539 dulci

202 565 376 618 Mala
410 566 534 618 vino
571 565 770 630 lavere,
806 568 903 618 aut
939 565 1240 618 exanimari
1276 568 1582 618 metuentes

290 640 533 693 Patruae
568 640 798 693 verbera
830 641 1061 708 linguae.

207 715 347 767 'ribi
384 716 602 784 qualum
641 716 942 783 Cythereae
977 731 1115 783 puer
1148 715 1275 783 ales,
1310 715 1411 768 tibi
1447 715 1587 767 telas

208 790 609 859 operosaeque
644 791 929 845 Minervae
965 790 1208 844 studium
1242 791 1438 857 aufert,
1474 791 1524 842 N
1531 789 1738 856 eobule,

293 866 548 934 Liparaei
584 867 729 920 nitor
765 867 956 934 Hebri,

211 941 396 994 Simul
431 947 624 995 unctos
660 942 928 995 Tiberinis
962 943 1215 995 humeros
1249 941 1384 995 lavit
1417 942 1474 994 in
1508 941 1685 1008 undiS,

214 1015 410 1085 Eques
446 1018 563 1085 ipso
599 1017 790 1069 melior
827 1017 1262 1084 Bellerophonte,
1300 1034 1477 1086 neque
1510 1033 1693 1086 pugno

291 1092 492 1160 Neque
527 1093 679 1158 segni
714 1092 857 1160 pede
891 1094 1096 1156 victus3

216 1169 398 1221 Catus
432 1167 576 1220 idem
611 1185 714 1236 per
749 1172 1000 1235 apertum
1034 1167 1309 1235 fugientes
1344 1168 1551 1235 agitato
1876 1183 1924 1223 ιο

215 1243 411 1310 Grege
445 1259 630 1295 cervos
658 1243 890 1309 jaculari
925 1249 984 1296 et
1018 1243 1163 1297 celer
1198 1244 1310 1297 alto
1345 1243 1656 1298 latit-antem

291 1317 578 1371 Fruticeto
613 1319 866 1387 excipere
900 1335 1109 1387 aprum.

991 1453 1161 1507 XIII.

505 1537 551 1589 O
590 1553 722 1591 Fons
760 1537 1080 1602 Bandusiae,
1118 1537 1454 1606 splendidior
1488 1540 1645 1608 vitro,

504 1613 664 1665 Dulci
702 1614 864 1679 digne
901 1628 1050 1665 mero
1085 1629 1194 1666 non
1230 1615 1345 1667 sine
1382 1614 1619 1684 floribuS,

572 1688 706 1741 Cras
740 1687 1028 1740 donaberis
1061 1688 1239 1742 haedo

642 1763 742 1816 Cui
777 1763 928 1815 frons
962 1764 1185 1830 turgida
1219 1764 1471 1819 cornibus

505 1839 703 1891 Primis
738 1842 796 1892 et
829 1855 1085 1892 venerem
1121 1844 1180 1893 et
1212 1841 1419 1908 proelia
1454 1841 1713 1911 destinat,
1898 1876 1924 1915 ⁵

506 1915 761 1967 Frustra:
797 1930 924 1966 nam
959 1914 1172 1981 gelidos
1206 1916 1410 1971 inficiet
1443 1916 1547 1970 tibi

573 1990 761 2042 Rubro
796 1990 1059 2057 sanguine
1093 1991 1239 2044 rivos

642 2065 853 2118 Lascivi
889 2065 1106 2118 suboles
1140 2067 1334 2134 gregis.

507 2140 582 2193 'l'e
618 2140 896 2208 flagrantis
931 2144 1090 2193 atrox
1125 2141 1260 2194 hora
1296 2142 1583 2198 Caniculae

506 2217 696 2271 Nescit
730 2219 972 2283 tangere,
1009 2220 1073 2270 tu
1107 2217 1281 2284 frigus
1314 2218 1548 2272 amabile
1885 2236 1925 2275 ιο

573 2293 755 2345 Fessis
791 2305 1008 2345 vomere
1042 2293 1216 2345 tauris

642 2366 883 2420 Praebes
916 2371 972 2421 et
1006 2368 1189 2435 pecori
1226 2383 1375 2434 vago.

506 2442 631 2495 Fies
664 2443 925 2495 nobilium
960 2446 1024 2496 tu
1059 2459 1276 2511 quoque
1311 2443 1557 2509 fontium,

504 2518 598 2573 Me
633 2517 849 2571 dicente
884 2519 1030 2570 cavis
1064 2518 1376 2586 impositam
1411 2518 1589 2573 ilicem

572 2594 742 2656 Saxis,
776 2592 922 2645 unde
957 2593 1209 2661 loquaces
1884 2608 1930 2649 1⁵

642 2667 919 2735 Lymphae
955 2667 1212 2722 desiliunt
1246 2673 1389 2723 tuae.

914 2867 919 2871 ,
998 2812 1158 2867 XIV.

504 2895 796 2948 Hnucums
831 2894 945 2949 ritu
977 2895 1142 2947 modo
1178 2894 1372 2961 dictus,
1410 2913 1442 2947 o
1477 2894 1650 2964 plebs,

510 2969 692 3022 Morte
728 2969 974 3022 venalem
1009 2971 1234 3039 petiisse
1269 2970 1481 3024 laurum

505 3045 708 3099 Caesar
744 3045 990 3113 Hispana
1023 3046 1227 3115 repetit
1261 3051 1490 3116 penates

573 3118 767 3174 Victor
799 3119 871 3174 ab
908 3136 1014 3176 ora.
