2217 3559
782 107 1189 158 CARMINUM
1223 107 1331 156 ΙΙΙ.
1369 111 1416 160 8.
1877 108 1932 159 51

581 186 772 256 Thyna
806 205 984 240 merce
1018 187 1255 254 beatum,

656 264 971 318 Constantis
999 261 1261 329 juvenem
1296 262 1421 327 fide,

517 338 746 406 Gygen?
821 338 924 391 Ille
959 337 1122 391 Notis
1156 342 1309 390 actus
1344 337 1416 390 ad
1453 337 1675 392 Oricum
1915 351 1943 393 fi

520 413 652 467 Post
687 414 878 466 insana
914 413 1124 480 Caprae
1162 412 1343 466 sidera
1377 412 1605 479 frigidas

587 489 792 542 Noctes
825 505 934 541 non
971 489 1087 541 sine
1123 488 1310 541 multis

657 563 929 617 Insomnis
963 563 1202 616 lacrimis
1236 564 1365 630 agit.

521 640 696 708 Atqui
732 639 993 692 sollicitae
1027 639 1252 692 nuntius
1285 639 1549 706 hospitae,

521 714 806 782 Suspirare
845 714 1049 767 Chloen
1085 718 1146 767 et
1178 714 1435 767 miseram
1469 715 1580 767 tuis
1900 728 1943 767 lc

589 790 792 844 Dicens
831 789 1048 856 ignibus
1081 789 1184 854 uri,

656 865 856 919 Tentat
890 865 1038 917 mille
1074 866 1223 918 vafer
1258 865 1446 918 modis.

521 940 601 995 Ut
636 942 896 994 Proetum
933 941 1130 994 mulier
1164 941 1375 1010 perfida
1409 939 1687 993 credulum

530 1015 704 1069 Falsis
732 1016 1014 1083 impulerit
1048 1016 1364 1069 criminibus
1401 1017 1561 1068 nimis

588 1091 752 1144 Casto
788 1091 1197 1159 Bellerophonti
1900 1104 1943 1143 ιε

654 1167 936 1220 Maturare
969 1183 1174 1234 necem,
1206 1167 1391 1221 refert.

519 1243 725 1296 Narrat
756 1257 933 1309 paene
952 1241 1161 1296 ‘datum
1198 1241 1364 1295 Pelea
1398 1242 1639 1308 Tartaro,

520 1316 865 1383 Magnessam
905 1316 1242 1384 Hippolyten
1278 1317 1411 1370 dum
1444 1317 1587 1383 fugit
1621 1315 1938 1376 abstinens;

588 1392 663 1445 Et
695 1408 920 1460 peccare
956 1392 1215 1446 docentes
1385 1390 1392 1396 ’

657 1467 847 1520 Fallax
881 1467 1139 1520 historias
1172 1471 1368 1522 movet.
1894 1483 1942 1520 20

519 1543 774 1598 Frustra:
809 1559 935 1596 nam
972 1543 1206 1610 scopulis
1241 1543 1457 1595 surdior
1493 1544 1639 1596 Icari

521 1618 698 1671 Voces
731 1618 885 1672 audit
921 1618 1097 1671 adhuc
1131 1618 1359 1686 integer.
1430 1621 1511 1671 At
1545 1618 1647 1671 tibi

585 1693 639 1747 N
642 1710 674 1746 e
707 1695 911 1748 vicinus
947 1693 1188 1760 Enipeus

656 1769 786 1822 Plus
814 1769 969 1835 justo
1005 1769 1219 1837 placeat
1253 1784 1417 1835 cave3

518 1845 777 1909 Quamvis
812 1861 920 1896 non
955 1844 1094 1897 alius
1130 1845 1353 1898 flectere
1390 1861 1591 1913 equum
1627 1844 1802 1897 sciens
1894 1859 1941 1899 25

516 1924 715 1988 Aeque
751 1920 1084 1988 conspicitur
1117 1920 1615 1988 gramine··Marti0‚

587 1995 637 2048 N
643 2012 705 2048 ec
740 1997 1026 2064 quisquam
1061 1995 1203 2049 citus
1238 2011 1413 2063 aeque

656 2071 828 2124 Tusco
864 2071 1092 2124 denatat
1125 2071 1293 2125 alve0.

521 2145 704 2199 Prima
738 2149 898 2200 nocte
935 2146 1157 2198 domum
1192 2146 1386 2200 claude
1419 2163 1599 2214 neque
1635 2146 1694 2200 in
1727 2148 1842 2201 vias
1907 2190 1917 2198 .

519 2220 634 2276 Sub
669 2225 833 2274 cantu
869 2222 1132 2289 querulae
1169 2221 1390 2289 despice
1427 2221 1607 2291 tibiae,
1894 2237 1939 2276 30

587 2296 662 2348 Et
695 2298 755 2348 te
791 2312 953 2364 saepe
990 2297 1205 2350 vocanti

655 2369 865 2423 Duram
901 2372 1135 2425 difficilis
1174 2389 1345 2427 mane.

1000 2513 1173 2565 VIII.

519 2592 763 2648 Minimus
800 2593 1015 2647 caelebs
1050 2595 1185 2662 quid
1218 2611 1374 2663 agam
1413 2594 1694 2666 Kalendis,

519 2669 667 2732 Quid
700 2669 871 2722 velint
905 2670 1069 2722 fiores
1105 2674 1166 2723 et
1200 2686 1386 2723 acerra
1418 2671 1597 2724 thuris

520 2742 690 2798 Plena
722 2744 951 2811 miraris,
986 2745 1306 2814 positusque
1342 2746 1504 2799 carbo
1539 2747 1595 2800 in

590 2819 846 2887 Caespite
882 2819 1019 2884 vivo,

519 2890 698 2948 Docte
734 2909 1010 2946 sermones
1043 2894 1331 2962 utriusque
1366 2895 1619 2962 linguaei
1915 2909 1943 2954 a

518 2966 794 3022 voveram
830 2968 1018 3022 dulces
1054 2968 1243 3036 epulas
1279 2974 1337 3022 et
1371 2969 1555 3023 album

517 3040 720 3099 Libero
754 3060 976 3112 caprum
1010 3060 1181 3113 prope
1216 3044 1500 3097 funeratus

589 3118 825 3173 Arboris
857 3120 984 3173 ictu.
1107 3189 1137 3233 5
