2217 3559
842 146 1252 195 CARMINUM
1287 146 1333 195 Ι.
1375 146 1449 198 17.

562 233 783 285 Stetere
820 245 1014 282 causae
1049 245 1148 281 cur
1181 228 1428 297 perirent

634 304 910 357 Funditus
944 305 1400 374 imprimeretque
1436 308 1606 359 muris

497 380 715 434 Hostile
753 384 996 433 aratrum
1032 383 1306 435 exercitus
1343 381 1598 434 insolens.

497 457 795 524 Compesce
831 460 1108 511 mentem:
1145 475 1234 510 me
1271 473 1490 526 quoque
1527 459 1761 524 pectoris

567 533 825 586 Tentavit
858 533 917 585 in
953 532 1098 585 dulci
1126 532 1362 600 juventa

637 609 846 662 Fervor
881 613 940 662 et
974 608 1031 661 in
1067 609 1275 661 celeres
1309 608 1522 661 'iambos

498 683 654 738 Misit
689 684 992 748 furentem3
1026 699 1171 735 nunc
1206 699 1306 750 ego
1343 682 1565 735 mitibus

499 758 719 811 Mutare
755 775 957 826 quaero
993 758 1190 823 tristia,
1229 758 1362 810 dum
1398 758 1531 809 mihi

569 834 613 886 F
616 834 698 886 ias
732 833 1029 886 recantatis
1065 833 1239 886 amica

637 908 959 977 Opprobriis
992 908 1345 984 animumque
1381 908 1595 961 reddas.

1052 1050 1244 1102 XVII.

498 1135 699 1187 Vnmx
735 1148 1019 1186 amoenum
1058 1148 1222 1200 saepe
1260 1132 1586 1186 Lucretilem

499 1210 685 1262 Mutat
720 1209 929 1276 Lycaeo
968 1208 1189 1260 Faunus
1226 1212 1284 1260 et
1319 1208 1535 1274 igneam

569 1283 834 1338 Defendit
868 1287 1136 1336 aestatem
1171 1283 1391 1351 capellis

639 1359 829 1426 Usque
864 1359 1004 1412 meis
1039 1358 1360 1426 pluviosque
1397 1363 1603 1413 ventos.

501 1435 734 1502 Impune
771 1438 954 1486 tutum
989 1451 1091 1503 per
1126 1451 1318 1487 nemus
1353 1435 1577 1488 arbutos

497 1510 784 1575 Quaerunt
818 1509 1054 1562 latentes
1090 1513 1149 1562 et
1184 1510 1372 1576 thyma
1408 1509 1592 1564 deviae

570 1586 783 1639 Olentis
819 1601 1015 1637 uxores
1051 1585 1249 1650 mariti,

637 1661 756 1713 Nec
791 1660 995 1712 virides
1030 1664 1286 1714 metuunt
1321 1660 1568 1714 colubras

498 1737 552 1791 N
556 1753 618 1790 ec
654 1736 936 1790 Martiales
975 1736 1263 1789 Haediliae
1300 1736 1472 1804 lupOS,

499 1813 794 1880 Utcunque
830 1811 990 1878 dulci,
1027 1812 1279 1880 Tyndari,
1315 1812 1499 1865 fistula

567 1889 754 1942 Valles
791 1892 851 1941 et
886 1888 1112 1941 Usticae
1147 1889 1396 1940 cubantis

635 1964 804 2016 Levia
837 1980 1167 2031 personuere
1205 1980 1349 2016 saxa.

501 2038 572 2093 Di
607 2056 697 2092 me
734 2043 975 2106 tuentur,
1012 2038 1098 2091 dis
1133 2039 1309 2107 pietas
1344 2056 1469 2093 mea

502 2115 574 2169 Et
612 2115 773 2168 Musa
807 2114 959 2167 cordi
995 2117 1094 2167 est.
1168 2115 1276 2167 Hic
1311 2115 1415 2167 tibi
1451 2121 1604 2182 copia

565 2189 816 2244 Manabit
851 2189 924 2242 ad
957 2191 1180 2257 plenum
1217 2189 1452 2257 benigno

636 2265 803 2317 Ruris
838 2265 1103 2317 honorum
1140 2266 1394 2332 opulenta
1429 2281 1602 2319 cornu.

499 2341 608 2393 Hic
641 2340 699 2393 in
736 2339 965 2393 reducta
998 2340 1139 2393 valle
1175 2339 1461 2393 Caniculae

500 2415 716 2469 Vitabis
751 2419 936 2468 aestus
971 2419 1030 2468 et
1064 2415 1175 2468 fide
1211 2415 1345 2467 Teia

566 2492 730 2544 Dices
766 2490 1078 2544 laborantes
1115 2491 1172 2544 in
1209 2506 1315 2542 uno

636 2566 946 2634 Penelopen
980 2567 1317 2633 vitreamque
1354 2564 1579 2631 Circen;

497 2641 609 2696 Hic
644 2642 944 2694 innocentis
979 2642 1173 2710 pocula
1209 2640 1392 2693 Lesbii

495 2719 680 2775 Duces
716 2716 818 2769 sub
854 2716 1062 2783 umbra,
1098 2732 1200 2770 nec
1237 2716 1540 2769 Semeleius

569 2793 707 2847 Cum
746 2792 930 2845 Marte
963 2791 1260 2845 confundet
1296 2792 1580 2860 Thyoneus

637 2867 867 2933 Proelia,
906 2883 1003 2920 nec
1037 2870 1251 2920 metues
1285 2870 1598 2935 protervum

497 2940 764 3009 Suspecta
801 2942 1017 3009 Cyrum,
1055 2958 1125 2994 ne
1160 2942 1300 2995 male
1337 2942 1541 3010 dispari

499 3016 912 3071 Incontinentes
946 3017 1156 3085 injiciat
1190 3034 1381 3070 manus

567 3092 642 3146 Et
677 3093 891 3147 scindat
927 3093 1246 3146 haerentem
1282 3110 1532 3146 coronam

635 3167 891 3222 Crinibus
928 3168 1366 3236 immeritamque
1401 3174 1623 3222 vestem.

1943 146 2004 194 13

1959 2206 2001 2245 15
