2217 3559
11 282 109 358 Ἴ

683 154 1101 203 CARMINUM
1135 154 1180 203 Ι.
1218 157 1296 216 32,
1335 156 1414 216 ³3,
1452 157 1531 205 34.

990 301 1238 355 XXXII.

525 382 829 438 Poscmun.
898 384 959 438 Si
995 384 1131 452 quid
1166 385 1320 437 vacui
1355 383 1458 438 sub
1492 383 1689 438 mulira

531 459 787 514 Lusimus
820 464 1004 514 tecum
1034 461 1189 528 quod
1224 464 1283 514 et
1317 460 1460 514 hunc
1494 461 1550 513 in
1586 477 1786 515 annum

527 535 703 590 Vivat
732 539 796 590 et
829 536 1028 605 plures
1061 552 1169 604 age
1204 536 1295 589 die
1330 536 1602 603 Latinum,

602 611 845 678 Barbite,
875 629 1117 678 carmen,

528 686 732 741 Lesbio
765 688 1001 755 primum
1038 687 1318 740 modulate
1355 687 1473 755 civi,

529 763 641 825 Qui
676 763 833 816 ferox
867 762 1013 815 bello
1046 766 1235 816 tamen
1268 763 1415 816 inter
1449 780 1614 831 arma,

524 838 659 892 Sive
685 837 952 906 jactatam
986 838 1248 906 religarat
1283 838 1395 891 udo

601 913 791 966 Litore
823 913 1023 979 navim,

524 988 792 1042 Liberum
823 992 887 1042 et
921 989 1109 1041 Musas
1145 989 1527 1058 Veneremque
1559 991 1621 1043 et
1653 990 1732 1043 illi

529 1065 764 1133 Semper
796 1065 1115 1120 haerentem
1151 1082 1380 1132 puerum
1412 1065 1647 1119 canebat

528 1141 607 1196 Et
642 1141 845 1208 Lycum
879 1141 1052 1207 nigris
1085 1141 1256 1194 oculis
1286 1141 1556 1210 nigroque

602 1216 769 1271 Crine
801 1215 1076 1269 decorum.

527 1291 582 1345 Ο
615 1292 786 1347 decus
822 1291 1029 1345 Phoebi
1065 1295 1125 1345 et
1160 1291 1394 1372 dapibus
1425 1294 1665 1360 supremi

527 1367 706 1421 Grata
738 1367 962 1421 testudo
990 1367 1168 1435 Jovis‚
1202 1384 1236 1420 o
1270 1368 1519 1421 laborum

528 1443 707 1497 Dulce
739 1443 996 1510 lenimen,
1030 1443 1167 1495 mihi
1198 1459 1435 1512 eumque
1465 1444 1617 1497 salve

602 1519 733 1572 Rite
769 1520 997 1572 vocanti.

972 1659 1256 1714 XXXIIL

533 1748 699 1811 Anni,
733 1761 805 1798 ne
840 1744 1026 1798 doleas
1060 1744 1184 1812 plus
1216 1743 1385 1798 nimio
1418 1760 1623 1799 memor

531 1821 772 1874 Immitis
808 1821 1084 1888 Glycerae,
1119 1837 1228 1874 neu
1262 1820 1600 1874 miserabiles

533 1896 809 1950 Decantes
843 1897 1025 1963 elegos
1057 1912 1158 1949 cur
1192 1895 1299 1949 tibi
1322 1895 1514 1964 junior

602 1972 776 2025 Laesa
809 1972 1119 2040 praeniteat
1152 1972 1277 2025 fide.

532 2046 813 2115 Insignem
848 2047 1003 2101 tenui
1034 2046 1217 2100 fronte
1254 2047 1518 2115 Lycorida

531 2123 661 2191 Cyri
697 2126 875 2177 torret
907 2139 1076 2190 amor,
1115 2123 1288 2189 Cyrus
1323 2124 1380 2175 in
1415 2140 1660 2190 asperam

532 2199 788 2252 Declinat
826 2199 1101 2263 Pholoen3
1137 2198 1237 2251 sed
1271 2198 1422 2266 prius
1459 2200 1654 2267 Apulis

602 2275 640 2328 J
642 2278 918 2342 ungentur
951 2290 1180 2341 capreae
1215 2274 1357 2341 lupis

529 2350 710 2414 Quam
746 2351 893 2416 turpi
933 2349 1134 2402 Pholoe
1169 2354 1358 2417 peccet
1392 2349 1652 2404 adultero,

531 2426 623 2480 Sic
658 2426 835 2479 visum
878 2425 1096 2491 Veneri,
1133 2425 1222 2477 cui
1256 2425 1436 2494 placet
1469 2426 1705 2493 impares

534 2502 761 2556 Formas
795 2504 962 2570 atque
996 2501 1205 2553 animos
1239 2501 1342 2554 sub
1367 2499 1506 2569 juga
1539 2507 1709 2555 aenea

602 2578 775 2630 Saevo
810 2577 1034 2630 mittere
1064 2593 1192 2629 cum
1219 2575 1361 2644 joco,

533 2653 724 2719 Ipsum
758 2669 861 2720 me,
898 2652 1090 2705 melior
1126 2668 1249 2705 cum
1285 2655 1501 2720 peteret
1542 2653 1742 2718 Venus,

530 2729 708 2782 Grata
741 2728 981 2782 detinuit
1015 2727 1278 2795 compede
1315 2728 1549 2795 Myrtale

529 2804 829 2872 Libertina,
865 2803 1023 2857 fretis
1058 2804 1235 2856 acrior
1270 2803 1516 2857 Hadriae

600 2881 894 2934 Currantis
931 2879 1193 2933 Calabros
1227 2879 1387 2932 sinus.

980 3022 1249 3075 XXXIV.

530 3105 756 3159 Pnncus
791 3105 1019 3159 deorum
1054 3105 1234 3157 cultor
1270 3109 1327 3157 et
1362 3103 1676 3173 infrequens

531 3181 866 3237 Insanieutis
900 3180 1033 3234 dum
1070 3179 1368 3247 sapientiae

1896 153 1956 202 21

1919 2818 1965 2859 1⁵
