2217 3559
549 382 630 462 Q.
704 376 1223 445 HORATII
1302 376 1594 442 FLAC
1622 374 1734 441 CI

827 531 1460 601 GARMINUM

937 708 1193 765 LIBER
1233 705 1343 765 IV.

1123 879 1169 933 Ι.

566 964 925 1031 INTERMISSA,
961 962 1169 1029 chm,
1205 962 1304 1015 diu

634 1040 844 1092 Rursus
878 1039 1023 1091 bella
1056 1040 1279 1090 moves?
1329 1037 1512 1103 Parce,
1545 1054 1755 1107 precor,
1785 1053 1992 1107 precor.

564 1114 689 1169 Non
723 1131 842 1167 sum
879 1114 1055 1182 qualis
1091 1129 1243 1165 eram
1279 1112 1452 1165 bonae

633 1189 746 1243 Sub
782 1204 952 1257 regno
989 1188 1235 1241 Cinarae.
1308 1188 1530 1254 Desine,
1567 1188 1806 1241 dulcium

565 1264 622 1319 M
628 1268 747 1318 ater
782 1280 945 1317 saeva
981 1263 1328 1331 Cupidinum,
1971 1278 1997 1316 5

635 1341 791 1393 Circa
824 1340 997 1395 lustra
1032 1339 1223 1392 decem
1258 1338 1483 1392 flectere
1518 1337 1772 1391 mollibus

564 1415 602 1469 J
605 1433 691 1468 am
726 1416 924 1468 durum
959 1415 1233 1483 imperiis:
1269 1414 1361 1467 abi

635 1491 753 1554 Quo
791 1490 1022 1543 blandae
1049 1491 1317 1557 juvenum
1353 1493 1412 1543 te
1448 1493 1706 1542 revocant
1740 1505 1946 1557 preces.

566 1566 962 1635 Tempestivius
997 1565 1053 1616 iu
1091 1565 1313 1617 dommn
1867 1612 1874 1620 .

636 1641 809 1694 Paulli
844 1640 1136 1709 purpureis
1173 1641 1283 1692 ales
1318 1640 1558 1693 oloiibus
1949 1654 1993 1695 lu

568 1715 1000 1770 Commissabere
1038 1716 1281 1782 Maximi,
1901 1732 1910 1743 ·

635 1792 693 1846 Si
726 1796 937 1844 torrere
963 1790 1127 1858 jecur
1161 1791 1379 1859 quaeris
1413 1790 1668 1843 idoneum
1685 1810 1703 1845 τ

567 1867 817 1935 Namque
854 1870 913 1920 et
945 1865 1141 1919 nobilis
1176 1871 1242 1939 et*
1267 1867 1468 1919 decens

636 1943 710 1996 Et
743 1959 843 2010 pro
877 1941 1123 1995 sollicitis
1156 1958 1262 1994 non
1299 1944 1498 1995 tacitus
1532 1942 1642 1994 reis

566 2019 643 2076 Et
676 2021 899 2071 centum
933 2034 1071 2086 puer
1102 2018 1304 2070 artium
1955 2034 1996 2071 15

635 2094 774 2147 Late
808 2093 963 2160 signa
996 2091 1140 2146 feret
1175 2093 1402 2146 militiae
1438 2101 1581 2160 tuae,

568 2170 643 2227 Et
678 2169 1007 2238 quaudoque
1041 2169 1320 2237 potentior

637 2245 802 2312 Largi
839 2244 1157 2297 muneribus
1191 2245 1377 2298 riser-ib
1413 2244 1611 2298 aemuli

569 2321 814 2376 Albanos
849 2335 1017 2388 prope
1052 2323 1112 2372 te
1146 2321 1294 2372 lacus

638 2396 813 2448 Ponet
847 2410 1209 2447 marmoream
1245 2395 1349 2448 sub
1383 2395 1542 2449 trabe
1578 2397 1761 2452 citrea..
1952 2413 1998 2451 20

568 2471 692 2525 Illic
727 2470 960 2538 plurima
995 2469 1219 2522 naribus

636 2547 819 2599 Duces
854 2546 1032 2610 thura,
1069 2546 1327 2614 lyraeque
1362 2549 1422 2599 et
1458 2546 1813 2615 Berecyntiae

481 2670 491 2680 .
568 2622 930 2676 Delectabere
966 2621 1136 2674 tibiae

635 2697 828 2751 Mixtis
864 2696 1197 2750 carminibus
1230 2711 1339 2748 non
1374 2696 1492 2749 sine
1531 2696 1711 2750 fistula
1729 2718 1745 2764 ;

570 2773 693 2829 Illic
727 2773 814 2826 bis
847 2772 1006 2841 pueri
1042 2771 1135 2825 die
1952 2790 2002 2828 25

635 2849 853 2902 Numen
890 2864 1012 2901 cum
1048 2847 1259 2900 teneris
1293 2846 1600 2915 virginibus
1634 2852 1791 2902 tuum

566 2924 883 2978 Laudantes
917 2923 1060 2990 pede
1096 2921 1332 2975 candido

636 3001 705 3053 In
740 3016 946 3052 morem
985 2998 1190 3051 Salium
1227 3003 1317 3051 ter
1350 2999 1602 3066 quabient·
1635 2999 1872 3053 humum.

565 3076 662 3130 Me
696 3092 798 3129 nec
832 3075 1036 3127 femina
1071 3088 1173 3126 nec
1206 3089 1344 3140 puer

634 3152 766 3205 Jam
801 3166 904 3203 nce
941 3165 1067 3219 spes
1101 3148 1268 3201 animi
1305 3148 1527 3202 credula
1562 3151 1756 3217 mutui,
1953 3164 2002 3206 3³
