2217 3559
304 103 396 151 164
854 94 1166 144 HORATII
1193 93 1462 141 'FLACCI
2107 0 2149 243 1

300 181 446 246 Quid
469 178 716 233 studiosa
740 177 932 231 cohors
956 191 1184 243 operum
1210 174 1410 227 struit?
1476 173 1602 227 Hoc
1625 190 1838 244 quoque
1862 191 2001 228 curo.

299 257 434 320 Quis
471 255 575 308 sibi
610 271 702 309 res
735 256 921 321 gestas
958 250 1202 318 Augusti
1238 250 1477 304 scribere
1514 251 1709 304 sumit?

300 333 458 388 Bella
491 332 615 401 quis
647 335 707 385 et
740 346 905 399 paces
940 328 1166 396 longum
1203 327 1464 384 diffundit
1499 326 1556 380 in
1592 329 1815 381 aevum?

302 408 449 473 Quid
486 408 663 461 Titius
699 406 946 459 Romana
980 404 1135 457 brevi
1170 407 1436 457 venturus
1470 403 1529 455 in
1566 404 1690 457 ora?

303 483 579 537 Pindarici
613 482 781 535 fontis
818 481 915 550 qui
948 497 1058 533 non
1095 479 1363 547 expalluit
1397 479 1644 547 haustus,
1962 492 1998 531 ι)

305 560 582 614 Fastidire
616 558 765 611 lacus
802 565 862 610 et
896 555 1043 610 rivos
1079 572 1245 608 ausus
1278 558 1516 623 apertos.

303 635 386 689 Ut
421 635 600 687 valet?
637 638 701 687 ut
736 633 986 686 meminit
1022 631 1227 684 nostri?
1299 629 1603 684 Fidibusne
1637 630 1837 685 Latini-

304 709 593 764 Thebanos
633 713 825 777 aptare
860 707 1052 761 modos
1087 707 1280 761 studet
1314 707 1535 775 auspice
1572 706 1744 774 Musa,

307 789 399 840 An
435 786 645 852 tragica
678 783 925 837 desaevit
959 787 1018 836 et
1053 782 1386 851 ampullatur
1419 783 1477 834 in
1514 784 1670 835 arte?

307 861 455 927 Quid
472 860 606 913 mihi
626 860 818 914 Celsus
839 860 987 926 agit?
1022 859 1264 911 monitus
1281 858 1627 926 multumque
1650 856 1940 910 monendus
1958 870 1992 909 ιε

307 937 558 991 Privatae
593 939 658 989 ut
693 939 925 1003 quaerat
961 950 1107 1003 opes,
1144 938 1208 987 et·
1237 938 1467 1000 tangere
1501 934 1645 987 vitet

308 1012 527 1080 Scripta
563 1011 843 1064 Palatinus
879 1025 1236 1078 quaecunque
1278 1010 1488 1077 recepit
1526 1008 1737 1078 Apollo,

309 1088 397 1142 Ne
433 1088 480 1140 si
515 1087 658 1140 forte
695 1102 821 1139 suas
856 1086 1154 1153 repetitum
1189 1085 1403 1137 venerit
1437 1083 1568 1136 olim

310 1164 462 1217 Grex
498 1162 679 1215 avium
716 1161 929 1229 plumas
965 1163 1185 1214 moveat
1218 1159 1492 1213 cornicula
1526 1160 1697 1212 risum

312 1238 554 1293 Furtivis
588 1237 795 1290 nudata
831 1236 1116 1290 coloribus.
1188 1235 1319 1303 Ipse
1353 1234 1490 1304 quid
1524 1235 1731 1289 audes‘l
1955 1248 1994 1285 :n

312 1315 464 1377 Quae
500 1312 902 1367 circumvolitas
936 1312 1095 1379 agilis
1130 1311 1352 1379 thyma?
1425 1311 1477 1363 N
1481 1327 1551 1363 on
1586 1310 1692 1364 tibi
1726 1326 1939 1380 parvum

313 1387 617 1454 Ingenium,
654 1403 763 1440 non
798 1386 1063 1440 incultum
1098 1388 1188 1439 est
1222 1390 1281 1439 ct
1315 1386 1556 1455 turpiter
1591 1386 1806 1439 hirtum.

312 1463 423 1517 Seu
458 1463 700 1529 linguam
736 1462 912 1515 causis
946 1462 1095 1515 acuis
1132 1478 1232 1515 scu
1266 1462 1435 1515 civica
1461 1463 1595 1529 jura

314 1537 672 1607 Respondere
706 1553 867 1606 paras
902 1553 1000 1591 seu
1034 1536 1224 1590 condis
1258 1537 1491 1591 amabile
1524 1554 1758 1603 carmen,

316 1615 501 1667 Prima
534 1615 679 1667 feres
714 1612 951 1667 hederae
984 1613 1226 1666 victricis
1261 1614 1518 1682 praemia.
1591 1613 1798 1677 Quodsi
1950 1625 1990 1665 25

316 1689 543 1757 Frigida
576 1705 831 1742 curarum
864 1690 1107 1742 fomenta
1141 1689 1451 1758 relinquere
1485 1705 1675 1758 posses

316 1766 439 1830 Quo
473 1769 534 1818 te
568 1765 817 1818 caelestis
853 1765 1122 1833 sapientia
1157 1764 1384 1818 duceret
1418 1766 1542 1818 ires.

317 1841 440 1895 Hoc
474 1857 625 1909 opus,
660 1840 761 1893 hoc
796 1840 1041 1893 studium
1074 1841 1233 1909 parvi
1267 1857 1624 1928 properemus
1658 1852 1719 1895 et
1753 1840 1901 1909 ampli

316 1916 376 1969 Si
411 1916 621 1984 patriae
656 1915 920 1982 volumuS,
957 1916 1003 1968 si
1038 1917 1197 1969 nobis
1230 1916 1412 1969 vivere
1447 1917 1574 1970 cari.

316 1992 501 2046 Debes
536 1992 639 2045 hoc
673 1992 841 2045 etiam
874 1992 1195 2059 rescribere,
1231 1993 1278 2045 si
1313 1991 1416 2045 tibi
1453 2009 1616 2045 curae
1949 2006 1986 2047 ι)

317 2069 568 2132 Quantae
602 2066 890 2121 conveniat
925 2068 1237 2121 Munatius·
1224 2110 1238 2132 ,
1272 2084 1344 2121 an
1377 2068 1520 2121 male
1555 2072 1706 2121 sarta

318 2145 513 2198 Gratia
547 2142 907 2212 nequicquam
942 2143 1053 2196 coit
1089 2147 1150 2197 et
1184 2143 1527 2197 rescinditur.
1600 2145 1683 2197 At
1718 2160 1811 2196 ros

318 2221 428 2275 Seu
463 2219 671 2273 calidus
707 2218 926 2286 sanguis
962 2235 1060 2272 seu
1093 2235 1278 2272 rerum
1314 2219 1529 2272 inscitia
1562 2223 1729 2273 vexat

320 2296 600 2349 Indomita
635 2294 843 2348 cervice
877 2295 1037 2362 feros,
1074 2294 1382 2364 ubicunque
1418 2295 1657 2348 locorum

318 2371 537 2437 Vivitis,
574 2369 783 2436 indigni
818 2371 1123 2423 fraternum
1158 2387 1414 2438 rumpere
1448 2371 1657 2436 foedus,
1941 2385 1981 2425 3³

322 2447 570 2501 Pascitur
601 2446 661 2500 in
696 2449 937 2499 vestrum
974 2446 1217 2500 reditum
1252 2447 1434 2500 votiva
1458 2446 1708 2514 juvenca.

1125 2593 1227 2645 IV.

321 2677 486 2740 Anu,
518 2676 830 2728 nostrorum
866 2691 1177 2728 sermonum
1214 2673 1444 2727 candide
1469 2673 1662 2741 judex,

321 2751 467 2816 Quid
501 2767 643 2803 nunc
678 2754 736 2802 te
773 2749 950 2803 dicam
985 2750 1167 2803 facere
1202 2750 1256 2802 in
1291 2750 1514 2817 regione
1557 2749 1808 2804 Pedanal

321 2826 572 2880 Scribere
605 2825 756 2893 quod
793 2825 945 2878 Cassi
984 2825 1292 2878 Parmensis
1326 2825 1583 2893 opuscula
1617 2825 1805 2892 vincat,

323 2904 413 2955 An
447 2901 677 2953 tacitum
714 2899 875 2951 silvas
910 2900 1056 2953 inter
1090 2904 1312 2968 reptare
1350 2899 1609 2965 salubres,

324 2977 622 3028 Curantem
657 2974 927 3041 quidquid
964 2974 1189 3041 dignum
1226 2976 1472 3043 sapiente
1507 2976 1755 3044 bonoque
1786 2979 1887 3030 c2t2
1952 2992 1972 3032 σ

323 3050 376 3103 N
380 3066 449 3101 on
482 3052 546 3099 tu
580 3063 776 3113 corpus
811 3064 935 3100 eras
971 3049 1087 3101 sine
1121 3053 1356 3117 pectore.
1428 3051 1500 3104 Di
1534 3051 1639 3105 tibi
1675 3052 1890 3119 formam,
2141 3083 2142 3098 κ

323 3122 400 3179 Di
434 3121 536 3176 tibi
572 3120 791 3174 divitias
827 3122 1100 3176 dederunt
1134 3128 1420 3194 artemque
1453 3126 1687 3180 fruendi.
2137 3105 2143 3218 J
