2217 3559
44 175 125 224 Ἀ

833 58 1265 107 SATIRARUM
1299 56 1375 105 ΙΙ.
1412 56 1459 107 5.
1928 64 2018 110 149

311 137 689 206 Captatorque
724 135 881 190 dabit
915 137 1059 190 risus
1093 138 1147 190 N
1151 138 1295 191 asica
1333 134 1590 190 Corano?

310 213 507 266 “Num
541 213 715 266 furis?
751 228 820 265 an
853 212 1098 281 prudens
1132 213 1277 268 ludis
1313 231 1402 268 me
1439 214 1669 269 obscura
1703 218 1947 270 canendo
1967 218 2017 271 P'

306 288 341 317 “
357 288 410 341 O
448 288 757 356 Laertiade,
793 287 1061 357 quidquid
1097 289 1275 343 dicam
1311 293 1409 344 aut
1444 290 1550 343 erit
1584 294 1682 344 aut
1715 308 1855 346 non:

246 399 253 402 ‡
305 363 572 417 Divinare
607 365 811 417 etenim
846 381 1078 432 magnus
1113 364 1249 418 mihi
1285 365 1457 420 donat
1496 366 1739 433 Apelle.’'
1970 384 2016 423 σο

305 440 340 467 “
359 439 507 503 Quid
542 443 728 493 tamen
763 440 871 493 ista
905 440 1040 494 velit
1075 440 1178 493 sibi
1213 440 1414 508 fabula,
1453 441 1498 493 si
1534 440 1678 507 licet,
1714 442 1862 495 ede.’'

306 516 338 543 ‘⁶
357 515 624 583 Tempore
660 531 768 583 quo
795 515 1018 582 juvenis
1056 515 1275 569 Parthis
1309 516 1630 585 horrendus,
1667 516 1738 572 ab
1774 518 1887 571 alto

306 590 625 643 Demissum
662 607 833 657 genus
873 590 1082 656 Aenea,
1120 591 1319 645 tellure
1353 592 1603 660 marique

306 665 548 733 Magnus
584 666 704 732 crit,
741 665 871 720 forti
907 666 1077 719 nubet
1112 682 1338 734 procera
1376 667 1587 721 Corano

309 740 456 793 Filia
491 741 724 793 Nasicae
758 742 1056 794 metuentis
1091 742 1326 795 reddere
1362 743 1589 797 soldum.
1974 761 2021 799 65

309 816 452 870 Tum
487 834 658 884 gener
693 817 793 869 hoc
829 817 1022 870 faciet:
1058 817 1276 874 tabulas
1311 834 1495 871 socero
1532 818 1686 872 dabit
1721 824 1890 887 atque

308 892 395 945 Ut
437 892 586 960 legat
622 892 831 957 orabit3
866 893 1101 945 multum
1138 892 1190 945 N
1193 893 1338 946 asica
1371 897 1595 961 negatas
1649 940 1653 944 ⁴

308 968 567 1036 Accipiet
602 968 827 1021 tandem
863 971 923 1022 et
956 969 1157 1021 tacitus
1190 967 1356 1036 leget,
1391 969 1741 1038 invenietque

308 1043 407 1096 Nil
446 1043 550 1097 sibi
588 1043 831 1111 legatum
865 1047 1087 1112 praeter
1120 1044 1335 1111 plorare
1372 1044 1604 1111 suisque.

311 1119 463 1172 Illud
500 1120 571 1172 acl
606 1120 741 1174 haec
765 1118 962 1187 jubeo:
1002 1118 1199 1172 mulier
1235 1120 1280 1171 si
1316 1119 1459 1172 forte
1496 1119 1680 1172 dolosa
1972 1136 2016 1175 70

310 1195 641 1249 Libertusve
677 1211 862 1248 senem
900 1194 1133 1247 delirum
1175 1197 1462 1262 temperet,
1499 1194 1605 1247 illis

310 1269 565 1323 Accedes
601 1270 804 1334 socius3
838 1269 1046 1337 laudeS,
1080 1267 1320 1323 lauderis
1355 1272 1419 1323 ut
1453 1269 1662 1323 absens,

311 1345 564 1414 Adjuvat
597 1345 699 1398 hoc
733 1360 964 1413 quoque,
1002 1344 1102 1397 sed
1138 1345 1304 1397 vincit
1338 1345 1497 1413 longe
1532 1345 1685 1414 prius
1719 1346 1897 1414 ipsum

311 1422 643 1489 Expugnare
678 1424 855 1489 caput.
927 1420 1143 1474 Scribet
1178 1421 1319 1473 mala
1353 1419 1592 1474 carmina
1625 1438 1841 1474 vecors:

215 1551 221 1556 ,
311 1496 577 1550 Laudato.
649 1496 928 1549 Scor-tator
963 1496 1095 1550 erit:
1133 1512 1263 1549 cave
1298 1501 1356 1549 te
1391 1499 1576 1563 roget3
1611 1496 1757 1550 ultro
1972 1513 2017 1552 75

314 1572 645 1641 Penelopam
682 1571 855 1623 facilis
889 1572 1089 1641 potiori
1127 1571 1330 1625 trade?
1391 1572 1422 1598 ‘⁴
1439 1571 1717 1626 Putasne?

313 1647 549 1701 Perduci
585 1647 791 1716 poterit
827 1651 941 1700 tam
975 1647 1120 1713 frugi
1156 1651 1381 1716 tamque
1415 1646 1631 1715 pudica,

314 1723 488 1787 Quam
525 1724 786 1791 nequiere
822 1723 970 1791 'proci
1006 1727 1160 1776 recto
1196 1722 1473 1791 depellere
1509 1739 1671 1776 cursu
1689 1723 1737 1777 ‘3”

312 1800 342 1825 “
361 1799 529 1853 Venit
566 1800 709 1852 enim
746 1816 1003 1865 magnum
1040 1798 1277 1851 donandi
1313 1815 1476 1866 parca
1501 1798 1781 1867 juventus,

311 1875 432 1928 Nec
468 1879 684 1928 tantum
722 1875 948 1940 veneris,
985 1877 1249 1942 quantum
1285 1873 1528 1927 studiosa
1559 1875 1785 1929 culinae.
1969 1894 2017 1931 80

309 1950 402 2003 Sic
437 1949 540 2004 tibi
576 1950 849 2018 Penelope
886 1951 1026 2016 frugi
1066 1953 1167 2015 est,
1205 1966 1345 2017 quae
1382 1950 1426 2002 si
1463 1951 1632 2004 semel
1666 1967 1773 2003 uno

311 2026 399 2079 De
435 2043 565 2080 sene
599 2030 836 2094 gustant
871 2029 1055 2078 tecum
1091 2026 1296 2092 partita
1331 2025 1600 2094 lucellum,

311 2101 393 2155 Ut
429 2102 578 2155 canis
614 2118 648 2155 a
681 2102 825 2154 corio
860 2118 1140 2173 nunquam
1175 2099 1574 2154 absterrebitur
1608 2106 1785 2156 uncto.

310 2177 407 2229 Me
434 2194 563 2230 sene
587 2178 735 2245 quod
760 2177 937 2229 dicam
962 2178 1168 2230 factum
1194 2179 1307 2229 est:
1342 2194 1477 2230 anus
1500 2178 1747 2246 improba
1772 2178 1969 2232 Thebis

309 2253 397 2305 Ex
432 2257 762 2306 testamento
799 2253 875 2305 sic
911 2257 996 2306 est
1030 2253 1203 2306 elata:
1240 2252 1473 2306 cadaver
1967 2270 2014 2309 85

307 2329 552 2381 Unctum
589 2328 706 2381 oleo
743 2329 894 2395 largo
928 2327 1091 2381 nudis
1128 2328 1369 2381 humeris
1404 2328 1533 2382 tulit
1565 2328 1737 2397 heres,

307 2403 530 2457 Scilicet
565 2403 706 2458 elabi
744 2404 790 2456 si
826 2407 1013 2472 posset
1046 2407 1264 2456 mortua
1280 2424 1293 2467 ;
1329 2404 1492 2457 credo

310 2478 471 2543 Quod
506 2479 731 2532 nimium
767 2479 1047 2532 institerat
1083 2479 1303 2532 viventi.
1376 2479 1582 2533 Cautus
1617 2479 1794 2535 adito:

307 2556 437 2609 Neu
473 2554 618 2608 desis
655 2571 853 2624 operae
884 2571 1024 2607 neve
1057 2554 1448 2607 immoderatus
1478 2554 1736 2609 abundes,

308 2630 600 2685 Difficilem
637 2637 697 2683 et
731 2646 1004 2683 morosum
1040 2629 1282 2683 offendet
1314 2630 1564 2697 garmlus
1598 2630 1775 2696 ultro;
1965 2648 2013 2688 ου

308 2706 361 2761 N
365 2724 434 2761 on
472 2707 638 2760 etiam
674 2706 849 2759 sileas,
920 2704 1106 2758 Davus
1143 2704 1218 2757 sis
1253 2706 1489 2758 comicus
1523 2709 1690 2774 atque
1904 2718 1908 2720 ’

307 2783 434 2837 Stes
470 2783 651 2851 capite
686 2780 918 2850 obstipO,
954 2779 1188 2832 multum
1226 2780 1416 2833 similis
1457 2781 1737 2836 metuenti,

307 2859 586 2929 Obsequio
619 2874 901 2926 grassare3
936 2872 1112 2922 mone,
1150 2855 1196 2909 si
1231 2856 1503 2910 increbuit
1533 2872 1683 2924 aura,

307 2936 513 2990 Cautus
548 2936 630 2988 uti
666 2934 813 2988 velet
849 2949 1034 2987 carum
1070 2936 1264 3001 caput-5
1300 2932 1528 2986 extrahe
1564 2932 1729 2985 turba

306 3011 587 3079 Oppositis
621 3010 896 3073 humeris3
931 3025 1120 3061 aurem
1156 3007 1465 3074 substringe
1502 3007 1727 3075 loquaci.
1964 3021 2013 3063 95

306 3084 661 3153 Importunus
697 3088 846 3137 amat
879 3083 1122 3148 laudari3
1158 3082 1328 3138 donec
1365 3082 1484 3137 Ohe
1511 3082 1664 3150 jam!
