2217 3559
234 125 328 172 184
785 122 1096 171 HORA'I'II
1130 122 1391 170 FLACCI

230 202 433 256 Libera
463 219 568 270 per
601 219 828 255 vacuum
865 200 1023 270 posui
1059 203 1295 270 vestigia
1327 203 1598 271 princeps,

228 277 351 330 Nou
390 279 568 331 aliena
604 295 727 331 meo
760 279 938 346 pressi
972 278 1136 346 pede.
1208 278 1316 342 Qui
1353 277 1459 330 sibi
1497 278 1619 331 fidit

228 352 358 406 Dux
392 355 539 421 regit
574 371 820 408 examen.
892 355 1084 407 Parios
1122 371 1225 421 ego
1259 355 1470 421 primus
1508 353 1708 406 iambos

228 428 464 482 Ostendi
500 429 675 497 Latio,
711 447 970 483 numeros
1003 431 1327 497 animosque
1363 433 1585 482 secutus

230 504 558 572 Archilochi,
592 522 702 558 non
736 522 829 559 res
863 511 923 558 et
958 507 1183 572 agentia
1218 504 1388 557 verba
1424 504 1740 572 Lycamben.
1867 521 1925 559 25

230 583 317 633 Ac
349 597 420 633 ne
454 597 543 633 mc
576 581 723 633 foliis
756 581 885 633 ideo
918 581 1263 633 brevioribus
1299 596 1463 632 ornes

229 655 390 718 Quod
424 657 582 709 timui
618 662 835 709 mutare
868 656 1062 709 modos
1097 660 1160 709 et
1193 655 1451 708 carminis
1489 659 1683 720 artem,

228 730 525 799 Temperat
559 733 874 785 Archilochi
911 732 1131 784 Musam
1166 731 1310 799 pede
1344 730 1588 783 mascula
1625 731 1841 799 Sappho,

227 806 520 874 Temperat
558 808 811 874 Alcaeus,
849 808 950 860 sed
984 807 1151 859 rebus
1187 811 1245 859 et
1280 805 1476 858 ordine
1515 806 1717 874 dispar,

228 880 346 935 Nec
381 899 626 936 socerum
662 884 883 951 quaerit
916 900 1081 950 quem
1118 881 1368 935 versibus
1401 880 1614 934 oblinat
1649 883 1791 947 atris„
1877 896 1913 935 δι

229 957 348 1010 Nec
382 976 610 1026 sponsae
644 960 901 1027 laqueum
937 960 1146 1011 famoso
1180 958 1422 1010 carmine
1455 958 1645 1010 nectit.

231 1033 396 1086 Hunc
430 1050 532 1101 ego
566 1051 674 1087 non
708 1035 814 1087 alio
850 1034 1061 1087 dictum
1093 1033 1249 1101 prius
1284 1048 1380 1085 ore
1419 1031 1653 1085 Latinus

230 1107 464 1175 angavi
500 1110 731 1174 fidicem
757 1110 923 1175 juvat
955 1111 1337 1161 immemorata.
1370 1108 1645 1160 ferentem

230 1183 492 1250 Ingenuis
526 1186 804 1253 oculisque
838 1185 949 1252 leg-i
984 1184 1348 1252 manibusque
1381 1184 1579 1235 teneri.

230 1260 381 1312 Scire
414 1261 550 1314 velis
584 1278 708 1313 mea
742 1277 840 1313 cur
872 1261 1123 1327 ingratus
1158 1259 1419 1327 opuscula
1451 1258 1624 1311 lector
1885 1274 1928 1312 35

232 1334 448 1388 Laudet
480 1341 736 1404 ametque
772 1336 934 1394 domi,
973 1339 1193 1403 premat
1226 1339 1386 1386 extra
1419 1334 1589 1387 limen
1625 1333 1883 1401 iniquus?

232 1410 281 1461 N
286 1427 357 1463 on
390 1428 491 1478 ego
525 1416 784 1464 ventosae
816 1411 995 1478 plebis
1031 1411 1291 1477 suffiagia
1321 1426 1493 1461 venor

234 1486 500 1553 Impensis
534 1504 823 1540 coenarum
861 1491 922 1539 et
955 1486 1126 1538 tritae
1161 1502 1388 1538 munere
1423 1485 1628 1549 vesti83

233 1560 357 1613 Non
392 1579 494 1629 ego
527 1562 787 1613 nobilium
825 1563 1151 1629 scriptorum
1185 1562 1407 1613 auditor
1441 1565 1501 1613 et
1534 1561 1682 1613 ultor

232 1634 624 1687 Grammaticas
658 1634 867 1688 ambire
902 1635 1083 1687 tribus
1118 1639 1179 1689 et
1215 1635 1429 1704 pulpita
1466 1636 1690 1702 dignor:
1891 1651 1938 1688 ιο

235 1710 379 1762 Hinc
411 1711 536 1762 illae
572 1711 842 1764 lacrimae.
913 1712 944 1737 “
961 1711 1161 1779 Spissis
1195 1710 1422 1778 indigna
1456 1711 1693 1764 theatris

232 1786 447 1853 Scripta
480 1786 654 1853 pudet
688 1787 921 1838 recitare
955 1792 1016 1838 et
1048 1786 1211 1853 nugis
1247 1785 1457 1839 addere
1491 1785 1753 1854 ponduS‚’'

232 1861 290 1912 Si
324 1861 466 1914 dixi:
504 1863 535 1887 “
554 1861 765 1922 Rides?
800 1862 895 1926 ait,
931 1861 1034 1914 “et
1068 1862 1107 1914 J
1113 1862 1230 1913 ovis
1265 1861 1493 1914 auribus
1529 1862 1640 1913 ista

233 1937 456 2001 Servas5
489 1936 614 1988 fidis
648 1937 792 1989 enim
827 1953 1050 1989 manare
1084 1935 1300 2004 poetica
1331 1937 1498 1989 mella

232 2012 310 2064 Te
343 2012 530 2076 solum,
564 2012 666 2065 tibi
702 2011 970 2080 pulcher.'’
1046 2012 1142 2064 Ad
1179 2012 1314 2065 haec
1350 2029 1454 2079 ego
1491 2012 1719 2065 naribus
1752 2014 1838 2066 uti
1891 2029 1941 2068 45

234 2087 506 2152 Formido,
542 2091 601 2140 et
635 2088 894 2140 luctantis
928 2091 1090 2140 acuto
1125 2104 1196 2139 ne
1233 2104 1386 2141 secer
1420 2089 1608 2155 ungui,

232 2164 263 2188 “
279 2163 546 2231 Displicet
578 2162 685 2216 iste
720 2163 913 2229 locus?
951 2163 1140 2229 clamo,
1177 2163 1267 2216 ‘et
1302 2162 1515 2216 diludia
1549 2164 1754 2231 posco.”

232 2239 420 2291 Ludus
454 2237 598 2291 enim
630 2239 823 2304 genuit
856 2240 1140 2304 trepidum
1179 2242 1464 2291 certamen
1500 2243 1561 2292 et
1594 2239 1750 2306 iram,

232 2315 328 2368 Ira
360 2318 544 2367 truces
576 2312 889 2366 inimicitias
923 2325 983 2366 et
1018 2315 1248 2366 funebre
1283 2314 1503 2367 bellum.

1023 2455 1149 2508 XX.

233 2541 602 2593 Vnnvmmmz
639 2539 678 2592 J
680 2556 968 2606 auumque,
1005 2539 1164 2605 liber,
1200 2542 1450 2606 spectare
1485 2538 1711 2606 videris,

230 2616 449 2669 Scilicet
482 2620 547 2667 ut
579 2619 793 2681 prostes
830 2614 1104 2667 Sosiorum
1141 2614 1355 2682 pumice
1391 2614 1646 2667 mundus.

231 2691 411 2744 Odisti
445 2690 623 2743 claves
657 2694 717 2742 et
751 2694 909 2756 grata
944 2689 1120 2755 sigilla
1155 2688 1384 2756 pudico3

231 2767 426 2820 Paucis
459 2765 676 2819 ostendi
711 2764 886 2832 gemis
922 2769 981 2817 et
1014 2764 1320 2817 communia
1355 2763 1561 2830 laudas»,

228 2843 356 2896 Non
389 2844 470 2895 ita
504 2841 759 2894 nutritus,
831 2840 983 2906 Fuge
1016 2856 1126 2908 quo
1160 2839 1495 2892 descendere
1529 2839 1717 2907 gestis

228 2918 280 2972 N
284 2935 353 2971 on
390 2918 498 2971 erit
532 2918 728 2970 emisso
763 2916 978 2968 reditus
1013 2915 1130 2968 tibi.
1202 2916 1233 2941 “
1253 2915 1398 2982 Quid
1433 2915 1600 2968 miser
1635 2915 1767 2982 egil

229 2994 373 3058 Quid
409 2992 553 3045 volui
574 2993 622 3045 ‘3²’
670 2991 819 3043 dices
853 2990 948 3042 ubi
984 2992 1106 3058 quis
1140 2993 1200 3043 te
1233 2989 1483 3053 laeserit3
1520 2995 1577 3043 et
1614 2991 1725 3044 scis

228 3069 298 3122 In
332 3068 502 3120 breve
535 3070 593 3118 te
628 3065 747 3131 cogi
782 3081 904 3117 cum
939 3066 1133 3133 plenus
1166 3065 1393 3132 languet
1427 3070 1657 3122 amator.

229 3142 436 3208 Quodsi
469 3156 577 3193 non
613 3140 739 3192 odio
772 3137 1047 3208 peccantis
1082 3140 1287 3207 desipit
1323 3157 1512 3210 augur,

2105 225 2190 274 ἰ

2165 3263 2195 3418 W&

2192 3423 2194 3538 ———
2193 3378 2194 3384 ⁴
2191 3297 2194 3342 *A*
2184 3053 2195 3276 *⁹*—
