2217 3559
857 457 1373 527 EPODON

984 659 1259 718 LIBER.

1101 909 1147 964 Ι.

549 992 673 1049 ῙΒῙΒ
708 992 964 1047 Liburnis
997 992 1144 1047 inter
1177 993 1291 1047 alta
1323 994 1556 1062 navium,

624 1069 827 1136 Amice,
864 1068 1282 1137 propugnacula,

552 1144 784 1199 Paratus
818 1160 976 1196 omne
1013 1144 1261 1197 Caesaris
1296 1143 1596 1214 perieulum

620 1218 831 1286 Subire,
868 1218 1172 1286 Maecenas,
1210 1224 1324 1274 tuo,

550 1294 699 1360 Quid
731 1310 844 1360 noe,
880 1294 1078 1362 quibus
1113 1299 1172 1347 te
1206 1295 1322 1349 vita
1353 1295 1427 1349 sit
1462 1294 1755 1364 superstite
1952 1308 1980 1349 6

619 1370 657 1421 J
659 1368 888 1436 munda,
925 1369 972 1421 si
1007 1373 1197 1423 contra
1229 1371 1449 1437 gravis?

554 1443 824 1499 Utrumne
851 1444 992 1512 jussi
1027 1461 1419 1513 persequemur
1452 1446 1626 1500 etium

619 1520 672 1573 N
676 1536 745 1572 on
779 1519 937 1572 dulce
971 1520 1029 1571 ni
1064 1524 1246 1573 tec-um
1281 1520 1458 1587 simul,

553 1597 645 1650 An
680 1595 822 1647 hune
855 1594 1096 1647 laborem
1133 1598 1320 1648 mente
1354 1595 1521 1649 laturi
1556 1595 1718 1649 decet

620 1669 741 1734 Qua
773 1670 918 1724 ferre
954 1686 1061 1723 non
1096 1670 1287 1722 molles
1322 1671 1503 1723 viros?
1934 1685 1979 1724 ιο

552 1745 814 1799 Feremus
848 1750 907 1799 et
939 1748 1000 1798 te
1035 1745 1121 1798 vel
1156 1761 1258 1813 per
1294 1745 1519 1813 Alpium
1547 1745 1684 1814 juga

622 1820 1014 1887 Inhospitalem
1048 1825 1108 1873 et
1143 1821 1460 1887 Caucasum,

556 1895 661 1949 Vel
696 1895 1011 1948 Occidentis
1046 1912 1222 1964 usque
1255 1896 1331 1949 ad
1363 1896 1618 1949 ultimum
1653 1897 1829 1950 sinum

623 1970 777 2024 Forti
811 1987 1106 2039 sequemur
1140 1974 1379 2057 pectore.
1801 2030 1808 2037 ‚

557 2046 737 2112 Reges
771 2049 927 2098 tuum
962 2044 1150 2099 labore
1185 2046 1321 2114 quid
1345 2045 1537 2113 juvem
1570 2063 1709 2115 mee,
1934 2062 1978 2101 15

624 2119 867 2173 Imbellis
900 2137 966 2173 ae
1001 2120 1188 2173 firmus
1223 2124 1452 2188 parum?

554 2195 751 2251 Comes
785 2196 992 2249 minore
1027 2213 1149 2249 sum
1182 2196 1400 2250 futurus
1431 2198 1492 2249 in
1527 2201 1694 2266 metu,

623 2271 730 2335 Qui
765 2270 941 2338 major
976 2272 1231 2325 absentes
1266 2271 1470 2337 habot;

555 2346 637 2402 Ut
670 2346 914 2399 assidens
948 2346 1296 2414 implumibus
1330 2347 1492 2415 pullis
1524 2349 1639 2401 avis

624 2421 971 2490 Serpentium
1005 2422 1242 2490 allapsus
1276 2422 1436 2476 timet
1931 2441 1981 2479 20

556 2497 735 2565 Magis
766 2497 985 2564 relictis,
1022 2514 1146 2565 non,
1176 2502 1241 2551 ut
1275 2497 1435 2565 adsit,
1470 2498 1632 2551 auxili

627 2574 832 2628 Latura
864 2574 988 2641 plus
1023 2568 1418 2641 praesentibus.

556 2648 820 2702 Libenter
853 2649 956 2703 hoe
989 2654 1050 2702 et
1083 2665 1242 2702 omne
1277 2649 1601 2702 militabitur

627 2724 842 2778 Bellum
875 2724 934 2777 in
969 2727 1099 2778 tuae
1134 2740 1288 2792 spem
1321 2723 1546 2791 gratiae,

555 2799 684 2854 Nou
718 2804 783 2854 ut
808 2799 1059 2868 juvencis
1093 2800 1303 2866 illigata
1338 2799 1583 2869 pluribus
1930 2816 1981 2855 23

629 2876 834 2929 Aratra
867 2875 1112 2929 nitantur
1144 2891 1281 2942 mea,

562 2949 804 3005 Pecusve
842 2950 1087 3005 Calabris
1120 2955 1251 3004 ante
1287 2950 1438 3003 sidus
1473 2948 1742 3003 fervidum

630 3026 850 3080 Luoena
882 3030 1061 3081 mutet
1093 3026 1321 3094 pascuis,

557 3100 759 3169 Neque
792 3105 857 3155 ut
890 3101 1111 3170 superni
1147 3102 1273 3154 villa
1305 3101 1545 3156 candens
1577 3099 1794 3154 Tusculi

626 3176 854 3234 circaea
886 3180 1078 3247 tangat
1112 3177 1337 3232 moenia.
1933 3188 1983 3231 ω
