2217 3559
326 108 388 158 52

874 106 1183 155 HORATII
1218 107 1262 154 F
1265 107 1481 155 LACCI

600 186 711 240 Hic
747 185 869 239 dies
902 203 1043 239 anno
1079 187 1349 240 redeunte
1383 188 1559 241 festus

603 261 877 315 Corticem
912 263 1236 316 adstrictum
1271 263 1392 330 pice
1428 263 1732 319 dimovebit

603 338 922 406 Amphorae
957 339 1167 391 fumum
1201 338 1393 391 bibere
1429 339 1717 393 institutae

673 413 909 467 Consule
946 414 1116 468 Tullo,

603 489 785 556 Sume,
825 490 1126 557 MaecenaS,
1162 489 1383 557 cyathos
1419 491 1578 543 amici

607 565 839 632 Sospitis
874 569 1091 618 centum
1128 570 1186 617 et
1220 565 1411 631 vigiles
1445 566 1692 618 lucernas

605 639 800 694 Perfer
835 640 891 692 in
926 640 1139 704 lucem;
1173 640 1361 708 procul
1396 640 1571 693 omnis
1606 644 1726 694 esto

676 715 896 768 Clamor
931 720 990 769 et
1024 715 1120 769 ira.

607 790 775 844 Mitte
810 791 994 843 civiles
1031 806 1195 859 super
1229 789 1367 843 urbe
1403 807 1591 847 curasz

607 865 826 918 Occidit
862 865 998 919 Daci
1036 866 1307 919 Cotisonis
1343 882 1552 934 agmen,

605 938 808 995 Medus
842 941 1075 994 infestus
1112 942 1218 994 sibi
1250 941 1510 994 luctuosis

675 1015 922 1068 Dissidet
955 1016 1137 1083 armi3‚

607 1090 790 1145 Servit
826 1091 1107 1159 Hispanae
1142 1094 1302 1145 vetus
1336 1091 1511 1145 hostis
1545 1107 1674 1145 orae

608 1166 885 1220 Cantaber
920 1183 1042 1220 sera
1077 1166 1317 1220 domitus
1350 1169 1578 1232 catena3

606 1241 645 1296 J
648 1258 735 1294 am
773 1241 1003 1309 Scythae
1039 1241 1163 1294 laxo
1196 1241 1538 1295 meditantur
1571 1258 1704 1296 arcu

676 1317 890 1370 Cedere
926 1317 1145 1385 campis,

607 1392 660 1447 N
665 1394 920 1460 eglcgens
953 1410 1025 1445 ne
1060 1409 1171 1461 qua
1204 1392 1440 1461 populus
1473 1392 1688 1445 laboret

608 1467 779 1521 Parce
813 1468 1059 1536 privatus
1093 1468 1319 1520 nimium
1355 1483 1579 1520 cavere:

607 1542 767 1596 Dona
799 1543 1104 1610 praesentis
1140 1559 1274 1612 cape
1306 1542 1486 1596 laetus
1520 1542 1686 1596 horae
1720 1544 1781 1597 et

678 1618 889 1687 Linque
924 1634 1127 1671 severa.

1132 1758 1232 1813 IX.

610 1841 805 1897 Domo
839 1847 1030 1909 gratus
1067 1858 1217 1893 cram
1252 1841 1358 1894 tibi

677 1916 797 1969 Nec
832 1917 1119 1983 quisquam
1154 1916 1335 1982 potior
1370 1913 1593 1968 brachia
1631 1913 1897 1969 candidae

610 1991 820 2046 Cervici
847 1991 1067 2058 juvenis
1103 1990 1288 2055 dabat,

679 2067 979 2119 Persarum.
1003 2067 1152 2133 vigui
1175 2083 1308 2132 rege
1344 2065 1569 2120 beatior.

608 2142 798 2196 Donec
831 2159 939 2195 non
974 2142 1080 2194 alia
1116 2142 1289 2208 magis

681 2218 884 2271 Arsisti
921 2234 1098 2286 neque
1136 2221 1257 2270 erat
1294 2216 1467 2284 Lydia
1500 2220 1625 2285 post
1662 2215 1884 2283 Chloen,

610 2293 775 2347 Multi
813 2293 987 2361 Lydia
1021 2293 1256 2345 nominis

680 2369 923 2421 Romana
957 2367 1105 2434 vigui
1142 2366 1337 2419 clarior
1374 2366 1490 2420 Ilia.

609 2443 705 2498 Me
741 2461 884 2497 nunc
919 2444 1156 2496 Thressa
1193 2441 1359 2495 Chloe
1396 2443 1543 2509 regit

2002 281 2054 322 10
2159 296 2173 312 ε

2004 654 2051 696 1⁸

679 2519 882 2572 Dulces
917 2518 1081 2571 docta.
1115 2516 1305 2569 modos
1341 2521 1400 2570 et
1434 2517 1675 2570 citharae
1712 2516 1908 2582 sciens,
1992 2530 2036 2568 ιο

611 2591 722 2646 Pro
758 2608 867 2659 qua
899 2608 1009 2644 non
1045 2595 1290 2644 metuam
1326 2591 1464 2643 mori

682 2667 738 2719 Si
773 2670 1000 2735 parcent
1034 2667 1244 2720 animae
1279 2666 1394 2719 fata
1429 2665 1728 2735 superstiti.

611 2741 706 2796 Me
742 2746 919 2796 torret
953 2743 1070 2795 face
1107 2745 1300 2795 mutua

682 2816 908 2869 Thurini
947 2817 1130 2870 Calais
1166 2817 1309 2869 filius
1345 2815 1551 2883 Ornyti,

612 2890 721 2946 Pro
757 2909 865 2961 quo
900 2891 986 2945 bis
1019 2892 1203 2960 patiar
1236 2892 1375 2943 mori

681 2968 738 3019 Si
774 2971 1000 3033 parcent
1032 2982 1206 3033 puero
1240 2966 1356 3018 fata
1390 2965 1689 3033 superstiti.

615 3038 760 3102 Quid
795 3040 842 3091 si
876 3041 1056 3106 prisca
1090 3040 1239 3093 redit
1276 3040 1465 3092 Venus

683 3112 1060 3181 Diductosque
1090 3114 1226 3180 jugo
1262 3114 1409 3180 cogit
1444 3118 1628 3181 acuet),
