2217 3559
227 131 289 179 44

777 125 1086 175 HORATII
1125 124 1386 174 FLACCI

506 205 701 260 Virtus
734 205 1025 259 recludens
1059 204 1351 257 immeritis
1386 205 1526 257 mori

508 280 734 335 Caelum
771 283 972 347 negata
1006 282 1193 332 tentat
1228 279 1338 331 iter
1373 280 1474 346 via,

576 356 889 423 Coetusque
924 355 1178 421 vulgares
1214 357 1273 407 et
1308 354 1475 407 udam

644 430 867 499 Spernit
900 429 1129 482 humum
1167 429 1413 496 fugiente
1446 446 1641 498 penna..

510 506 612 559 Est
648 512 706 559 et
741 505 892 558 fideli
926 508 1051 559 tuta
1086 505 1304 558 silentio

510 582 746 635 Merces:
783 579 980 634 vetabo
1016 581 1112 649 qui
1151 580 1369 633 Cereris
1406 596 1619 634 sacrum

580 655 833 723 Vulgarit
869 672 1099 709 arcanae
1137 654 1240 708 sub
1276 655 1454 709 isdem

646 732 732 785 Sit
769 730 1017 784 trabibus
1051 729 1369 798 fragilemve
1405 747 1619 784 mecum

510 806 695 860 Solvat
730 806 1018 873 phaselon;
1056 822 1221 874 saepe
1258 805 1537 873 Diespiter

509 883 562 935 N
569 882 807 949 eglectus
841 882 1048 934 incesto
1082 880 1301 934 addidit
1336 881 1622 948 integrum.

579 957 727 1010 Raro
762 956 1182 1010 antecedentem
1219 955 1507 1009 scelestum

648 1032 906 1085 Deseruit
938 1031 1081 1099 pede
1121 1031 1305 1084 Poena
1338 1030 1549 1086 claudo,

1027 1172 1144 1226 ΙΙΙ.

509 1257 547 1310 J
551 1271 734 1310 USTUM
771 1259 830 1309 et
861 1259 1113 1310 tenacem
1148 1255 1414 1324 propositi
1447 1256 1624 1309 virum

513 1333 560 1386 N
568 1350 637 1384 on
671 1331 869 1384 civium
904 1332 1069 1384 ardor
1103 1348 1275 1398 prava
1302 1330 1634 1398 jubentium,

579 1408 631 1460 N
634 1424 704 1459 on
739 1407 920 1460 vultus
954 1406 1208 1459 instantis
1243 1407 1458 1473 tyranni

650 1482 840 1535 Mente
874 1481 1055 1550 quatit
1090 1482 1277 1547 solida,
1314 1498 1491 1550 neque
1528 1485 1741 1535 Auster

511 1556 640 1610 Dux
676 1558 902 1626 inquieti
938 1556 1193 1610 turbidus
1231 1557 1491 1623 Hadriae,

512 1632 562 1685 N
570 1649 631 1685 ec
665 1632 999 1685 fulminantis
1033 1648 1233 1699 magna
1267 1648 1458 1685 manus
1494 1632 1529 1684 J
1535 1632 1649 1685 ovis
1663 1652 1679 1699 3

581 1708 640 1762 Si
676 1709 880 1762 fractus
914 1708 1173 1761 illabatur
1207 1708 1355 1761 orbis

652 1783 993 1852 lmpavidum
1027 1784 1227 1838 ferient
1262 1784 1468 1839 ruinae.

512 1859 635 1913 Hac
670 1865 788 1913 arte
826 1859 1018 1913 Pollux
1055 1864 1114 1913 et
1148 1876 1315 1928 vagus
1353 1860 1623 1913 Hercules

513 1936 711 1989 Enisus
746 1952 900 1989 arces
935 1935 1122 2002 attigit
1157 1936 1357 2002 igneas,

582 2011 729 2075 Quos
764 2011 910 2064 inter
946 2011 1231 2078 Augustus
1267 2010 1588 2064 recumbens

649 2087 930 2154 Purpureo
964 2086 1107 2139 bibit
1143 2103 1237 2139 ore
1271 2089 1474 2139 nectar.

512 2162 635 2216 Hac
669 2171 728 2216 te
764 2167 1079 2228 merentem,
1120 2162 1333 2215 Bacche
1368 2165 1543 2230 pater,
1580 2167 1710 2215 tuae

510 2237 731 2292 Vexere
768 2239 940 2307 tigres
974 2237 1193 2290 indocili
1224 2236 1421 2305 jugum

578 2313 730 2366 Collo
764 2314 1075 2378 trahentes;
1112 2313 1213 2366 hac
1250 2313 1506 2376 Quirinus

646 2390 845 2443 Martis
880 2390 1034 2458 equis
1072 2388 1390 2441 Acheronta
1424 2388 1582 2457 fugit,

511 2464 743 2517 Gratum
779 2465 992 2518 elocuta
1026 2463 1436 2517 consiliantibus

509 2539 731 2593 *lunone
770 2541 937 2594 divis:
977 2539 1134 2606 Ilion,
1174 2539 1315 2592 Ilion

575 2614 784 2668 Fatalis
817 2616 1173 2684 incestusque
1200 2614 1382 2682 judex

643 2691 718 2743 Et
752 2690 947 2744 mulier
980 2691 1269 2759 peregrina
1303 2691 1471 2744 vertit

508 2764 576 2818 In
614 2766 903 2834 pulverem,
941 2783 1010 2819 ex
1047 2782 1155 2834 quo
1192 2766 1447 2819 destituit
1484 2765 1616 2820 deos

513 2840 773 2894 Mercede
808 2845 969 2910 pacta
1006 2840 1333 2907 Laomedon,
1369 2841 1503 2894 mihi

570 2916 877 2985 Castaeque
914 2917 1234 2968 damnatum
1272 2916 1563 2970 Minervae

647 2992 784 3043 Cum
819 2991 1016 3058 populo
1054 2995 1112 3041 et
1150 2990 1289 3042 duce
1325 2990 1686 3047 fraudulento,

505 3062 545 3114 J
548 3079 635 3114 am
670 3080 773 3115 noe
808 3065 1088 3116 Lacaenae
1127 3063 1380 3129 splendet
1418 3065 1707 3122 adulterae

504 3137 767 3191 Famosus
804 3138 1010 3204 hospeS,
1047 3153 1147 3188 nec
1186 3137 1388 3189 Priami
1425 3139 1620 3194 donms

1894 1950 1937 1989 10

1894 2328 1937 2368 15
