2217 3559
263 102 353 148 180
820 99 1131 148 HORATII
1166 100 1425 149 FLACCI

261 179 371 233 Hie
394 183 481 234 est
502 183 601 234 aut
623 196 892 248 nusquam
916 180 1066 248 quod
1085 181 1414 249 quaerimus,
1460 180 1570 234 Hic
1594 197 1734 235 onus
1754 180 1957 246 horret,

259 254 342 308 Ut
375 256 558 322 parvis
593 255 788 308 animis
823 260 883 309 et
916 271 1085 325 parvo
1122 272 1349 325 corpore
1384 257 1593 323 majus:
1912 274 1956 312 ω

260 330 371 384 Η18
405 330 555 383 subit
589 335 649 384 et
683 331 905 399 perfert.
978 334 1098 387 Aut
1133 332 1310 385 virtus
1344 348 1540 385 nomen
1579 332 1742 386 inane
1777 338 1875 399 est,
1939 339 1947 346 “

261 407 382 459 Aut
416 406 582 460 decus
616 410 676 460 et
709 408 949 475 pretium
984 410 1137 461 reete
1172 408 1320 475 petit
1353 408 1648 476 experiens
1683 409 1779 463 vir.

261 480 458 534 Coram
492 498 623 549 rege
659 498 755 534 suo
791 483 862 535 de
896 487 1223 550 paupertate
1259 487 1510 537 tacentes

262 555 394 611 Plus
427 560 685 626 poscente
719 556 931 621 ferent;
971 558 1145 611 distat
1180 575 1436 612 sumasne
1470 559 1752 628 pudenter

263 634 353 687 An
388 632 582 701 rapias.
655 633 831 701 Atqui
866 649 1052 685 rerum
1086 637 1252 700 caput
1285 633 1387 687 hoe
1422 639 1557 701 erat,
1595 635 1684 688 hie
1719 636 1846 688 fons
1909 650 1955 690 45

262 707 293 734 “
309 707 568 761 Indotata
603 706 737 760 mihi
774 724 928 761 soror
963 711 1065 775 est,
1101 709 1438 777 paupercula
1472 715 1668 777 mater,

262 783 335 838 Et
368 783 571 836 fundus
608 800 707 837 nec
741 783 1033 837 vendibilis
1067 801 1169 837 nec
1202 801 1428 852 pascere
1465 786 1701 853 firmuS,”

262 859 367 923 Qui
404 859 553 926 dicit,
592 859 803 924 clamat,
846 859 1109 913 “Victum
1146 860 1325 913 date.”
1396 860 1640 915 Succinit
1676 863 1839 917 alter:

263 935 379 989 “Et
416 935 551 988 mihi
588 935 814 988 dividuo
848 935 1091 988 findetur
1124 952 1351 989 munere
1386 937 1643 1004 quadra.”

259 1010 373 1064 Sed
406 1012 606 1065 tacitus
639 1011 789 1079 pasci
827 1011 872 1063 si
909 1015 1094 1080 posset
1132 1028 1324 1064 corvus
1360 1012 1595 1068 haberet
1907 1029 1950 1067 :o

260 1085 392 1140 Plus
426 1086 584 1156 dapis
619 1091 678 1158 et
711 1087 864 1139 rixae
899 1086 1074 1139 multo
1111 1087 1290 1139 minus
1324 1087 1688 1156 invidiaeque.

260 1162 610 1215 Brundisium
646 1178 827 1215 comes
861 1164 958 1215 aut
993 1161 1318 1216 Surrentum
1357 1162 1555 1217 duetus
1590 1181 1888 1230 amoenum,

260 1238 366 1302 Qui
403 1239 655 1307 queritur
691 1237 930 1290 salebras
965 1241 1025 1290 et
1060 1237 1319 1290 acerbum
1354 1238 1529 1305 frigus
1565 1243 1625 1292 et
1659 1239 1875 1306 imbreS,

260 1316 379 1367 Aut
416 1315 609 1366 cistam
645 1313 923 1366 effractam
960 1316 1020 1365 et
1056 1312 1331 1366 subducta
1370 1314 1569 1368 viatica
1604 1316 1798 1384 plorat,

259 1388 407 1442 Nota
442 1389 615 1442 refert
650 1388 951 1441 meretricis
987 1387 1251 1455 acumina,
1288 1404 1453 1456 saepe
1490 1391 1757 1454 catellam,
1906 1406 1947 1442 :25

260 1465 437 1533 Saepe
470 1464 849 1532 periscelidem
885 1468 1100 1532 raptam
1138 1463 1244 1517 sibi
1280 1464 1479 1532 flentis,
1513 1466 1598 1519 uti
1634 1482 1759 1519 mox

260 1540 427 1593 Nulla
461 1539 599 1592 fides
635 1539 848 1592 damnis
885 1539 1141 1608 verisque
1177 1539 1457 1594 doloribus
1491 1541 1654 1595 adsit.

260 1615 312 1669 N
317 1633 379 1670 88
420 1615 587 1669 semel
623 1615 816 1670 irrisus
851 1615 1030 1668 triviis
1064 1615 1319 1669 attollere
1355 1620 1513 1669 curat

262 1692 459 1745 Fracto
493 1708 651 1745 crure
685 1692 924 1760 planum,
959 1691 1088 1744 licet
1123 1691 1203 1743 illi
1238 1692 1475 1760 plurima
1509 1695 1696 1747 manet

261 1767 525 1833 Lacrima,
560 1784 661 1836 per
699 1770 946 1820 sanctum
974 1766 1196 1835 juratus
1232 1766 1381 1821 dicat
1419 1767 1650 1822 Osirim:
1910 1788 1950 1825 ω

260 1842 291 1870 “
307 1843 533 1896 Credite
567 1859 675 1895 non
710 1842 869 1907 ludo;
903 1842 1167 1907 crudeles,
1204 1841 1384 1895 tollite
1418 1841 1716 1895 claudum?

261 1918 292 1946 “
308 1918 521 1983 Quaere
556 1918 951 1987 peregrinum,''
987 1918 1182 1972 vicinia
1217 1934 1381 1971 rauca
1416 1918 1693 1971 reclamat.

1004 2059 1228 2113 XVIII.

261 2145 325 2200 81
359 2145 499 2198 bene
534 2147 594 2196 te
628 2142 752 2197 novi
788 2146 1015 2203 metues
1053 2141 1331 2195 liberrime
1369 2141 1522 2196 Lolli.

263 2219 571 2274 Scurrantis
608 2220 843 2287 speeiem
878 2218 1146 2286 praebere
1181 2218 1461 2287 professus
1496 2217 1747 2271 amicum.

262 2297 343 2350 Ut
377 2300 625 2349 matrona
658 2294 935 2348 meretrici
971 2294 1158 2361 dispar
1193 2293 1301 2346 erit
1336 2297 1506 2361 atque

262 2373 524 2442 Discolor,
561 2371 729 2423 infido
767 2386 985 2423 scurrae
1021 2368 1251 2422 distabit
1286 2369 1503 2422 amicuS.

262 2448 365 2502 Est
398 2448 526 2500 huie
560 2446 836 2500 diversum
872 2445 1007 2498 vitio
1041 2445 1238 2497 vitium
1272 2460 1442 2513 prope
1477 2443 1671 2510 majuS,
1927 2453 1951 2493 ε

204 2569 221 2586 .
262 2524 552 2593 Asperitas
587 2522 819 2590 agrestis
856 2525 914 2574 et
950 2520 1266 2573 inconcinna
1300 2519 1605 2587 gravisque,

263 2601 415 2664 Quae
451 2615 509 2652 se
545 2597 891 2651 commendat
925 2600 1087 2650 tonsa
1122 2599 1262 2661 cute,
1299 2594 1561 2648 dentibus
1595 2594 1747 2662 atris,

262 2675 408 2730 Dum
444 2675 561 2728 vult
597 2673 824 2726 libertas
860 2672 969 2725 dici
1006 2688 1160 2724 mera
1193 2687 1433 2738 veraque
1467 2670 1657 2723 virtus,

266 2752 457 2804 Virtus
493 2754 579 2804 est
614 2749 855 2802 medium
890 2748 1148 2800 vitiorum
1186 2750 1244 2800 et
1279 2747 1537 2814 utrinque
1572 2746 1875 2799 reductum.

263 2828 426 2881 Alter
459 2828 516 2879 in
552 2825 873 2892 obsequium
907 2824 1030 2891 plus
1065 2838 1242 2889 aequo
1278 2837 1481 2889 pronus
1516 2825 1576 2873 et
1609 2821 1706 2872 imi
1910 2836 1946 2873 ιο

262 2903 488 2956 Derisor
521 2900 650 2953 lecti
686 2902 764 2952 sie
799 2903 994 2952 nutum
1032 2897 1219 2950 divitis
1255 2896 1460 2963 horret,

262 2978 351 3030 Sic
385 2977 552 3029 iterat
587 2991 744 3028 voees
780 2978 839 3027 et
871 2973 1039 3027 verba
1073 2972 1328 3025 cadentia
1362 2972 1524 3039 tollit,

263 3052 345 3105 Ut
377 3067 609 3119 puerum
646 3065 804 3101 saevo
840 3049 1030 3102 eredas
1067 3048 1277 3101 dietata
1311 3048 1574 3115 mag-istro

267 3126 521 3178 Reddere
554 3123 642 3176 vel
675 3127 863 3190 partes
900 3123 1125 3174 mimum
1163 3126 1403 3176 tractare
1438 3120 1718 3177 secundas¹

2113 1653 2177 1952 vsa.
2173 1195 2176 1314 a&
