2217 3559
804 105 1112 154 HORATII
1147 104 1407 153 FLACOI

600 189 692 242 Ab
727 184 983 240 insolenti
1018 188 1378 253 temperatam

666 262 918 329 Laetitia,
955 261 1218 315 moriture
1255 260 1413 329 Delli,

529 338 641 395 Seu
675 343 917 393 maestus
951 337 1098 391 omni
1133 342 1381 405 tempore
1415 336 1634 404 vixeris,

530 415 640 470 Seu
674 419 734 469 te
768 416 825 468 in
861 417 1072 467 remoto
1105 414 1352 481 gramine
1386 430 1488 479 per
1522 413 1642 466 dies

599 491 792 544 Festos
827 490 1149 543 reclinatum
1184 488 1365 542 bearis

668 566 938 619 Interiore
972 569 1101 618 nota
1139 565 1371 619 Falerni.

532 642 651 706 Quo
686 643 847 710 pinus
883 643 1072 710 ingens
1109 641 1344 710 albaque
1379 640 1612 710 populus

528 718 794 772 Umbram
830 718 1153 785 hospitalem
1187 717 1495 771 consociare
1530 719 1717 770 amant

600 794 787 847 Ramis
807 795 826 847 ‘l
900 793 1046 857 Quid
1080 793 1299 862 obliquo
1334 792 1549 847 laborat

668 869 913 938 Lympha
946 869 1113 937 fugax
1148 868 1427 938 trepidare
1461 867 1618 922 rivo‘l

531 946 657 999 Huc
692 946 813 999 vina
847 951 906 999 et
944 949 1218 1014 unguenta
1253 948 1310 997 et
1343 944 1571 997 nimium
1607 943 1803 997 breves

529 1022 718 1076 Flores
753 1038 1010 1074 amoenae
1045 1021 1190 1074 ferre
1219 1020 1357 1088 jube
1392 1036 1563 1089 rosae,

596 1098 741 1151 Dum
778 1115 866 1151 res
901 1101 959 1151 et
993 1101 1145 1150 aetas
1181 1101 1239 1150 et
1273 1112 1514 1149 sororum

666 1174 785 1227 Fila
820 1174 984 1227 trium
1021 1173 1307 1241 patiuntur
1341 1175 1477 1226 atra.

528 1250 705 1304 Cedes
740 1249 1001 1317 coemptis
1038 1249 1266 1303 saltibus
1302 1252 1360 1301 ct
1395 1247 1556 1300 domo

528 1327 781 1395 Villaque
816 1327 986 1378 flavus
1022 1342 1186 1392 quam
1223 1323 1435 1376 Tiberis
1468 1323 1617 1389 lavit,

598 1402 774 1456 Cedes
811 1407 867 1455 et
904 1400 1196 1460 exstructis
1232 1401 1289 1451 in
1324 1398 1497 1452 altum

663 1477 883 1531 Divitiis
918 1476 1157 1545 potietur
1191 1475 1370 1529 heres,

528 1553 765 1607 Divesne
802 1553 977 1620 prisco
1011 1554 1175 1604 natus
1210 1551 1281 1603 ab
1320 1551 1523 1604 Inacho

526 1629 617 1683 Nil
653 1629 883 1683 interest
918 1644 986 1681 an
1020 1643 1230 1695 pauper
1266 1630 1323 1680 et
1357 1627 1544 1679 infima

595 1705 680 1759 De
716 1709 878 1773 gente
916 1704 1015 1756 sub
1052 1702 1179 1755 divo
1215 1704 1457 1770 moreris,

663 1781 904 1834 Victima
937 1779 1014 1831 nil
1049 1778 1357 1832 miserantis
1395 1778 1536 1833 Orci.

526 1856 731 1910 Omnes
768 1855 960 1908 eodem
996 1855 1254 1922 cogimur,
1292 1855 1529 1908 omnium

529 1933 796 1986 Versatur
829 1947 967 1984 urna
1003 1931 1175 1983 serius
1211 1930 1359 1984 ocius

594 2007 723 2062 Sors
759 2006 974 2059 exitura
1009 2011 1068 2060 et
1100 2023 1202 2059 nos
1235 2007 1293 2059 in
1328 2010 1610 2060 aeternum

665 2081 901 2134 Exilium
937 2082 1262 2150 impositura
1297 2082 1537 2136 cumbae.

1047 2222 1150 2274 IV.

523 2308 578 2362 N
583 2326 616 2360 ιτ.
652 2308 724 2361 sit
759 2306 983 2360 ancillae
1018 2305 1123 2358 tibi
1160 2321 1313 2358 amor
1346 2305 1556 2373 pudori,

524 2383 764 2437 Xanthia
804 2382 1051 2435 Phoceu!
1129 2381 1292 2433 Prius
1326 2381 1643 2434 insolentem

523 2459 692 2514 Serva
728 2459 933 2512 Briseis
967 2458 1126 2510 niveo
1163 2456 1342 2510 colore

593 2535 767 2588 Movit
808 2532 1106 2596 Achillen13

523 2610 699 2665 Movit
735 2609 965 2677 Ajacem
1001 2608 1293 2661 Telamone
1328 2612 1516 2662 natum

524 2686 722 2740 Forma
759 2686 1002 2753 captivae
1039 2684 1321 2737 dominum
1358 2685 1702 2749 Tecmessae3

522 2762 681 2817 Arsit
719 2761 945 2814 Atrides
979 2760 1162 2813 medio
1196 2761 1255 2812 in
1289 2760 1565 2828 triumpho

593 2837 820 2904 Virgine
856 2840 1031 2905 rapta,

525 2912 800 2970 Barbarae
834 2916 1127 2980 postquam
1162 2913 1406 2965 cecidere
1440 2915 1654 2965 turmae

523 2988 779 3041 Thessalo
815 2988 1020 3039 victore
1056 2989 1116 3039 et
1151 2986 1440 3053 ademptus
1477 2987 1690 3040 Hector

524 3062 778 3116 Tradidit
812 3061 969 3114 fessis
1002 3061 1207 3113 leviora
1240 3061 1358 3113 tolli

596 3136 862 3206 Pergama
898 3134 1069 3189 Grais

1925 731 1974 772 10

1918 1111 1967 1151 15

1903 3000 1944 3041 10
