2217 3559
312 123 402 175 170
863 120 1171 170 HORATII
1206 122 1465 171 FLACCI

311 204 520 257 Verum
554 202 650 255 ubi
685 199 813 255 oves
847 202 1010 268 farte,
1045 203 1236 255 morbo
1270 204 1481 271 periere
1517 202 1768 272 capellae,

313 279 477 347 Spem
511 279 742 332 mentita
777 294 945 344 seges
982 277 1082 331 bos
1118 283 1203 332 est
1238 283 1462 332 enectus
1498 279 1718 343 arandO,

312 352 563 408 Offensus
598 353 811 406 damnis
846 352 1029 406 media
1063 354 1135 407 de
1170 357 1331 406 nocte
1364 352 1631 407 caballum

314 430 532 498 Arripit
566 430 848 496 iratusque
885 427 1123 496 Philippi
1159 427 1339 481 tendit
1374 428 1461 480 ad*
1481 429 1662 482 aedes

313 504 490 569 Quem
513 504 671 557 simul
696 503 950 570 adspexit
969 504 1220 557 scabrum
1239 504 1627 572 intonsumque
1646 504 1944 573 Philippus,
1966 524 2008 561 ⁹0

315 580 591 646 “Durus,’'
627 580 722 646 ait,
759 578 788 606 “
808 578 1008 645 Voltci‚
1044 579 1206 632 nimis
1243 583 1599 647 attentusque
1637 580 1840 634 videris

314 656 447 709 Esse
482 655 661 709 mihi.’'
721 655 751 681 “
770 654 867 707 Pol
902 671 990 707 me
1029 656 1304 723 miserum,
1339 658 1588 723 patrone,
1627 671 1862 723 vocares,

313 732 369 784 Si
406 732 614 799 velles,”
650 730 843 799 inquit,
881 730 1116 782 “verum
1151 730 1285 782 mihi
1322 746 1526 798 ponere
1561 735 1787 783 nomen!

315 807 474 871 Quod
507 811 566 860 te
600 822 699 874 per
737 806 970 859 Genium
1007 806 1371 874 dextramque
1408 806 1650 873 deosque
1690 807 1921 858 Penates

313 883 553 936 Obsecro
588 888 647 935 et
681 881 940 948 obtestor,
978 880 1125 933 vitae
1159 898 1248 934 me
1285 879 1458 933 redde
1494 879 1707 949 priori.”
1964 894 2005 932 95

314 957 418 1021 Qui
454 958 622 1011 semel
658 956 910 1024 adspexit
946 959 1212 1024 quantum
1247 954 1473 1008 dimissa
1507 956 1700 1023 petitis

314 1034 621 1100 Praestent,
656 1036 869 1085 mature
903 1032 1095 1084 redeat
1131 1034 1459 1099 repetatque
1495 1032 1702 1085 relicta.

312 1108 501 1163 Metiri
538 1126 596 1162 se
632 1124 903 1177 quemque
939 1123 1037 1160 suo
1072 1107 1292 1159 modulo
1327 1123 1390 1158 ac
1424 1107 1568 1173 pede
1606 1123 1793 1160 verum
1828 1110 1927 1161 est.

1079 1249 1245 1304 VIII.

313 1338 493 1392 Cnnso
527 1337 767 1404 gaudere
804 1339 863 1388 et
895 1333 1034 1387 bene
1071 1350 1189 1386 rem
1224 1350 1418 1400 gerere
1458 1335 1794 1388 Albinovano

312 1413 481 1466 Musa'
507 1417 697 1480 rogata
731 1410 891 1477 refer,
929 1409 1113 1463 comiti
1150 1408 1468 1478 scribaeque
1507 1410 1751 1462 Neronis
1796 1460 1802 1467 ,

312 1488 370 1543 Si
408 1492 636 1557 quaeret
672 1487 806 1556 quid
839 1502 1013 1553 agam,
1040 1484 1129 1538 die
1162 1486 1336 1538 multa
1370 1489 1430 1538 et
1458 1485 1685 1553 pulchra
1716 1486 1994 1537 minantem

312 1565 516 1618 Vivere
550 1580 649 1617 nec
686 1566 833 1615 recte
869 1577 970 1614 nec
1007 1561 1272 1625 suaviter3
1307 1559 1457 1612 haud
1492 1562 1622 1628 quia
1656 1561 1857 1627 grando

313 1640 638 1694 contuderit
673 1638 812 1691 vites
848 1636 1131 1704 oleamque
1166 1634 1521 1688 momorderit
1556 1641 1756 1703 aestua,
1973 1651 1994 1688 5

312 1716 364 1768 N
368 1733 430 1769 ec
466 1716 594 1785 quia
627 1712 934 1780 longinquis
969 1715 1275 1764 armentum
1311 1714 1560 1777 aegrotet
1594 1711 1652 1763 in
1687 1711 1855 1779 agris;

313 1792 425 1845 Sed
460 1792 589 1860 quia
618 1793 801 1842 mente
836 1787 1014 1839 minus
1048 1785 1262 1838 validus
1298 1802 1461 1853 quim
1498 1802 1724 1853 corpore
1759 1790 1871 1839 toto

312 1868 406 1921 Nil
443 1867 633 1920 audire
670 1863 842 1923 velim,
879 1862 954 1914 nil
992 1862 1217 1947 discere,
1256 1860 1401 1929 quod
1437 1862 1585 1914 levet
1618 1878 1867 1928 aegrum3

314 1943 468 1997 Fidis
503 1940 745 1995 offendar
779 1938 1020 2005 mediciS,
1055 1937 1258 1989 irascar
1294 1936 1503 2001 amicis,
1855 1999 1859 2003 ι

314 2019 428 2073 Cur
461 2035 549 2071 me
583 2017 799 2068 funesto
833 1979 1129 2099 properent
1162 2028 1347 2065 arcere
1382 2016 1635 2078 vetern03
1956 2026 1990 2062 ιο

314 2095 466 2159 Quae
500 2108 732 2145 nocuere
769 2105 977 2158 sequar,
1011 2088 1216 2155 fugiam
1253 2103 1392 2156 quae
1427 2088 1641 2155 profore
1676 2088 1912 2149 credam;

314 2171 521 2223 Romae
557 2167 726 2220 Tibur
760 2182 937 2218 amem
972 2167 1243 2230 ventosus„
1281 2162 1482 2215 Tibure
1520 2163 1764 2216 Romam.

315 2247 447 2299 Post
481 2246 617 2297 haec
650 2245 714 2296 ut
749 2241 942 2308 valeat,
979 2256 1086 2308 quo
1121 2242 1281 2307 pacto
1317 2255 1434 2291 rem
1470 2244 1628 2305 gerat
1664 2244 1722 2291 et
1756 2255 1827 2307 se,

312 2323 394 2376 Ut
428 2321 640 2389 placeat
666 2316 859 2384 juveni
894 2318 1215 2403 percontare
1251 2316 1423 2380 utque
1459 2312 1682 2365 cohorti.

313 2398 371 2451 Si
407 2397 567 2461 dicet,
607 2394 792 2459 Recte,
828 2390 1063 2458 primum
1098 2388 1355 2456 gaudere,
1393 2387 1624 2441 subinde
1952 2401 1985 2436 15

313 2474 672 2539 Praeceptum
706 2466 962 2521 auriculis
997 2465 1097 2518 hoc
1133 2464 1403 2517 instillare
1440 2466 1744 2518 memento:

311 2549 393 2602 Ut
427 2553 491 2601 tu
525 2548 797 2599 fortunam
834 2542 910 2595 sic
944 2557 1043 2593 nos
1078 2544 1151 2606 te,
1191 2539 1362 2605 Celse,
1397 2539 1647 2591 feremus·

1117 2680 1216 2735 IX.

309 2772 627 2836 Summus,
665 2765 872 2832 Claudi,
910 2764 1166 2817 nimirum
1201 2762 1457 2830 intelligit
1494 2778 1636 2815 unus

309 2848 512 2912 Quanti
547 2862 635 2898 me
670 2842 865 2903 facias,
853 2861 864 2873 ·
899 2856 1026 2892 nam
1061 2855 1184 2891 cum
1219 2841 1378 2906 rogat
1413 2841 1471 2890 et
1504 2854 1667 2906 prece
1703 2836 1841 2905 cogit

307 2924 523 2977 Scilicet
558 2924 621 2973 ut
655 2918 758 2972 tibi
795 2933 854 2969 se
888 2914 1111 2968 laudare
1148 2917 1205 2967 et
1240 2913 1462 2966 tradele
1498 2929 1676 2978 coner,

307 2998 546 3064 Dignum
581 2997 764 3046 mente
802 2991 1069 3057 domoque
1105 2989 1339 3056 legentis
1375 2988 1604 3040 honesta
1640 2988 1873 3050 Neronis,

306 3073 537 3125 Munere
572 3085 695 3122 cum
729 3065 880 3132 fungi
915 3065 1184 3132 propi012s
1219 3067 1408 3118 censet
1443 3063 1617 3129 amici,
1952 3078 1972 3118 5

306 3148 407 3210 Qui
415 3149 452 3198 d
486 3144 688 3213 possim
722 3140 874 3193 videt
908 3154 971 3191 ac
1005 3139 1158 3191 novit
1193 3154 1282 3191 me
1318 3138 1529 3191 valdius
1565 3139 1700 3206 ipso,

2130 3243 2161 3520 -ᾢίῚφῖ
