2217 3559
149 136 237 182 198
491 135 799 196 HORATIJ
836 135 1096 183 FLACCI
1133 136 1347 184 EPIST.
1384 136 1459 184 11.
1497 137 1539 187 2.

147 213 441 283 Pauperies
477 214 758 267 immunda
793 216 995 269 domus
1027 215 1218 285 procul
1252 215 1424 271 absit:
1462 232 1579 283 ege,
1617 216 1814 268 utrum

144 289 300 343 Nave
333 290 481 342 ferar
515 306 714 357 magna
747 307 817 343 an
851 306 1033 358 parva,
1069 292 1216 344 ferar
1250 307 1393 343 unus
1429 296 1489 345 et
1523 291 1691 345 idem.
1787 306 1867 345 200

144 364 197 418 N
201 382 272 418 on
307 366 520 433 agimur
552 366 779 419 tumidis
814 366 948 420 velis
983 368 1237 435 aquilone
1273 368 1542 432 secundm

144 440 197 494 N
200 456 271 493 on
305 444 491 494 tamen
525 441 770 494 adversis
804 445 1043 496 aetatem
1080 441 1330 496 ducimus
1365 445 1583 510 austrie,

146 516 387 582 ViribuS,
423 516 653 584 ingenie,
691 517 884 585 specie,
921 517 1142 585 virtute,
1177 518 1309 586 loce,
1347 512 1426 587 re,

147 591 396 646 Extremi
431 592 745 660 primorum,
781 594 1044 646 extremis
1077 610 1253 662 usque
1281 594 1505 662 priores,

146 668 198 720 N
202 682 272 720 on
307 684 368 721 es
404 683 623 721 avarus:
662 668 782 732 abi3
820 668 969 736 quid,
1007 672 1225 722 caetera
1249 668 1370 736 jam
1406 670 1568 723 simul
1604 670 1715 723 isto
1788 684 1869 724 20⁵

148 743 286 796 Cum
321 743 455 795 vitio
488 742 713 810 fugere?
787 742 956 797 Caret
990 743 1095 796 tibi
1130 748 1324 813 pectus
1358 745 1504 798 inani

147 818 499 872 Ambitione?
572 819 740 873 Caret
773 820 967 874 mortis
1001 820 1292 873 formidine
1327 825 1387 874 et
1419 822 1536 875 ira?

148 896 381 962 Somnia,
418 899 659 949 terrores
693 896 947 963 magicOS,
984 895 1260 963 miracula,
1299 913 1472 964 sagas,

146 972 200 1024 N
203 974 459 1024 octurnos
493 971 731 1024 lemures
764 974 1132 1039 portentaque
1170 971 1428 1024 Thessala
1463 970 1652 1025 rides?

149 1047 377 1101 Natales
412 1050 572 1115 grate
606 1049 895 1100 numeras?
970 1046 1216 1114 Ignoscis
1252 1047 1477 1102 amicis?
1789 1063 1871 1102 210

147 1124 349 1177 Lenior
383 1129 443 1176 et
477 1122 669 1175 melior
704 1123 770 1175 fis
804 1122 1100 1175 accedente
1138 1124 1398 1176 senecta?

150 1200 298 1264 Quid
332 1202 391 1252 te
427 1201 683 1266 exempta
717 1197 864 1250 levat
899 1198 1066 1265 spinis
1103 1196 1176 1249 de
1211 1196 1461 1265 pluribus
1495 1199 1643 1251 una?

149 1274 352 1328 Vivere
389 1275 435 1326 si
471 1277 620 1326 recte
655 1273 830 1325 nescis
867 1272 1073 1325 decede
1108 1272 1320 1341 peritis,

151 1350 357 1404 Lusisti
392 1348 540 1416 satis,
578 1348 745 1401 edisti
781 1348 915 1400 satis
949 1350 1119 1415 atque
1152 1345 1367 1400 bibisti:

151 1426 388 1495 Tempus
423 1424 575 1478 abire
610 1423 715 1476 tibi
751 1421 851 1488 est,
888 1439 959 1476 ne
993 1427 1185 1490 potum
1222 1422 1429 1490 largius
1466 1438 1645 1493 aequo
1790 1439 1868 1479 215

153 1501 357 1557 Rideat
386 1504 444 1555 et
474 1500 656 1570 pulset
687 1499 888 1552 lasciva
922 1497 1206 1552 decentius
1235 1498 1429 1553 aetaS.'’

2113 1397 2207 1924 Uim*
