2217 3559
808 105 1217 155 GARMINUM
1250 104 1357 155 III.
1395 107 1441 156 4.

550 186 741 245 Visam
779 190 1071 243 Britannos
1104 186 1414 256 hospitibus
1449 187 1593 242 feros

550 265 628 323 Et
661 266 866 319 lactum
902 265 1100 333 equino
1136 264 1396 331 sanguine
1432 263 1758 334 Concanum,

619 341 811 394 Visam
844 340 1192 410 pharetratos
1228 340 1465 394 Gelonos

690 416 765 470 Et
801 415 1111 484 Scythicum
1146 415 1434 469 inviolatus
1468 432 1699 471 amnem.

556 489 673 544 Vos
710 492 1001 544 Caesarem
1036 491 1225 558 altum,
1261 490 1456 543 militia
1490 491 1651 545 simul

551 567 746 622 Fessas
781 567 1030 621 cohortes
1065 566 1285 621 addidit
1318 566 1547 635 oppidis,

623 643 809 697 Finire
846 646 1201 712 quaerentem
1235 642 1453 695 labores

689 718 868 772 Pierio
904 718 1164 771 recreatis
1197 721 1372 772 antro,

553 791 669 848 Vos
702 794 827 847 lene
862 794 1144 847 consilium
1179 796 1240 846 et
1272 792 1417 846 datis
1454 795 1511 846 et
1546 793 1676 846 dato

552 868 818 924 Gaudetis
853 869 1042 923 almae.
1113 866 1337 932 Scimus,
1373 873 1438 922 ut
1472 868 1668 936 impios

621 946 843 999 Titanas
877 945 1280 1013 immanemque
1313 948 1552 997 turmam

690 1020 940 1074 Fulmine
978 1020 1261 1074 sustulerit
1295 1020 1513 1086 caducO,

554 1095 659 1160 Qui
694 1100 903 1150 terram
938 1095 1184 1163 inertem,
1221 1095 1317 1164 qui
1352 1112 1503 1149 mare
1536 1098 1812 1160 temporat

561 1172 875 1239 Ventosum‚
910 1174 968 1225 et
1002 1171 1168 1224 urbes
1203 1187 1483 1240 regnaque
1517 1170 1699 1224 tristia

607 1247 900 1316 ,Divosque
934 1246 1303 1315 mortalesque
1338 1245 1530 1299 turbas

693 1322 932 1391 Imperio
966 1322 1113 1389 regit
1145 1337 1285 1374 unus
1320 1336 1510 1389 aequo.

554 1396 814 1466 Magnum
850 1398 944 1451 illa
978 1400 1249 1451 terrorem
1285 1398 1541 1449 intulerat
1577 1396 1615 1448 J
1617 1395 1705 1451 ovi

554 1475 757 1528 Fidens
783 1473 1049 1541 juventus
1084 1472 1310 1526 horrida
1345 1472 1595 1539 brachiiS‚

621 1550 955 1618 Fratresque
989 1549 1284 1603 tendentes
1318 1564 1485 1616 opaco
1557 1589 1564 1602 ,

691 1625 880 1678 Pelion
915 1624 1235 1692 imposuisse
1273 1622 1517 1692 Olympo,

553 1702 664 1756 Sed
700 1700 836 1771 quid
871 1699 1154 1769 Typhoeus
1190 1703 1248 1753 et
1282 1699 1495 1751 validus
1532 1698 1745 1770 Mimas,

552 1780 670 1831 Aut
704 1776 842 1846 quid
876 1776 1071 1829 minaci
1108 1775 1445 1843 Porphyrion
1482 1777 1644 1841 statu,

620 1853 767 1917 Quid
804 1852 1050 1905 Rhoetus
1086 1851 1393 1918 evulsisque
1428 1850 1638 1910 truncis

688 1927 993 1981 Enceladus
1019 1927 1293 1994 jaculator
1327 1925 1506 1978 audax

551 2004 754 2059 Contra
790 2006 1070 2056 sonantem
1108 2001 1349 2054 Palladis
1381 2001 1576 2068 aegida

551 2080 784 2133 Possent
819 2079 1081 2132 ruentes?
1154 2078 1302 2130 Hinc
1336 2076 1529 2130 avidus
1565 2077 1723 2130 stetit

618 2156 921 2226 VulcanuS‚
946 2154 1073 2206 hinc
1106 2157 1357 2206 matrona
1391 2153 1428 2205 J
1430 2168 1539 2205 uno
1573 2157 1631 2205 et

685 2231 982 2299 Nunquam
1016 2229 1261 2283 humeris
1295 2228 1571 2298 positurus
1606 2213 1805 2296 arcum,

549 2306 656 2371 Qui
691 2322 817 2359 rore
850 2322 986 2373 puro
1024 2305 1293 2359 Castaliae
1329 2303 1462 2357 lavit

549 2382 744 2437 Crines
779 2381 997 2447 solutoS,
1034 2381 1129 2449 qui
1163 2380 1358 2447 Lyciae
1394 2381 1547 2432 tenet

616 2457 856 2510 Dumeta
888 2455 1235 2523 natalemque
1271 2455 1476 2515 silvam,

684 2532 876 2586 Delius
913 2535 971 2585 et
1008 2531 1270 2584 Patareus
1310 2529 1518 2598 Apella

544 2605 647 2662 Vis
681 2608 870 2662 consili
907 2623 1103 2675 expers
1140 2606 1280 2659 mole
1314 2607 1426 2659 ruit
1461 2621 1590 2661 sua:

549 2684 676 2739 Vim
710 2688 1075 2752 temperatam
1112 2682 1169 2735 di
1206 2697 1421 2751 quoque
1455 2679 1759 2749 provehunt

611 2760 682 2815 In
719 2759 933 2828 majus3
967 2758 1117 2811 idem
1153 2758 1320 2810 odere
1354 2756 1498 2810 vires

682 2836 859 2889 Omne
894 2834 1046 2888 nefas
1080 2834 1259 2886 animo
1294 2835 1588 2887 moventes.

545 2910 722 2965 Testis
756 2926 1002 2964 mearum
1036 2908 1373 2962 centimanus
1408 2907 1553 2975 Gyas

543 2985 966 3051 Sententiarum,
1002 2988 1164 3038 notus
1199 2988 1258 3037 et
1292 2983 1538 3050 integrao

610 3062 875 3115 Tentator
911 3060 1078 3114 Orion
1117 3058 1326 3111 Dianae

679 3137 942 3204 Virginea
976 3134 1215 3188 domitus
1250 3133 1465 3201 sagitta.

1927 1108 1974 1149 4⁵

1927 1865 1975 1905 55

1924 2620 1970 2658 65

1917 2995 1965 3036 70
