2217 3559
789 98 1202 147 CARMINUM
1238 97 1343 146 III.
1382 99 1425 148 6.

615 176 674 232 Si
710 181 917 245 pugnat
954 177 1224 229 extricata
1259 176 1445 230 densis

683 254 858 306 Cerva
892 253 1068 320 plagis
1105 253 1214 305 erit
1249 253 1343 305 ille
1379 252 1538 306 fortis

546 329 652 393 Qui
687 328 913 395 perfidis
951 344 1010 380 se
1047 328 1287 381 credidit
1320 325 1584 393 hostibu3‚

548 405 621 458 Et
658 403 838 456 Marte
877 403 1091 456 Poenos
1127 407 1375 470 proteret
1408 403 1580 457 altero

615 479 719 542 Qui
756 478 871 530 lora
905 479 1177 532 restrictis
1212 479 1431 532 lacertis

682 554 865 607 Sensit
900 554 1046 606 iners
1081 554 1378 622 timuitque
1412 558 1658 608 mortem.

545 630 654 683 Hic
692 629 838 682 unde
874 629 1043 681 vitam
1080 634 1324 682 sumeret
1358 629 1558 681 inscius

547 706 745 758 Pacem
783 704 967 757 duello
1004 705 1237 758 miscuit.
1309 705 1355 755 Ο
1392 703 1600 771 pudor!

613 779 660 832 Ο
699 796 896 846 magna
933 780 1232 846 Karthag0‚
1267 779 1546 847 probrosis

685 855 867 908 Altior
905 854 1100 908 Italiae
1137 855 1307 907 ruinis
1330 855 1372 908 !’'

543 929 747 983 Fertur
780 929 1009 999 pudicae
1045 929 1290 997 conjugis
1325 930 1566 982 osculum

545 1006 858 1074 Parvosque
893 1010 1050 1058 natos
1085 1010 1151 1058 ut
1186 1005 1379 1073 capitis
1414 1006 1590 1057 minor

615 1080 708 1134 Ab
743 1097 804 1133 se
840 1082 1136 1134 removisse
1172 1086 1231 1134 et
1266 1081 1476 1133 virilem

679 1157 886 1209 Torvus
920 1157 1072 1209 humi
1106 1156 1350 1222 posuisse
1386 1156 1628 1212 vultum:

542 1232 730 1285 Donec
767 1232 1015 1284 labantes
1050 1232 1271 1284 consilio
1306 1235 1493 1300 patres

545 1306 816 1361 Firmaret
850 1310 1039 1360 auctor
1072 1323 1350 1375 nunquam
1385 1307 1517 1360 alias
1552 1307 1696 1374 dato,

612 1384 877 1451 Interque
913 1385 1225 1434 maerentes
1260 1383 1461 1435 amicos

680 1458 948 1524 Egregius
982 1461 1303 1526 properaret
1339 1458 1508 1510 exsul.

546 1533 723 1599 Atqui
760 1532 967 1587 sciebat
1002 1548 1144 1600 quae
1181 1532 1284 1585 sibi
1321 1532 1585 1585 barbarus

543 1607 740 1660 Tortor
775 1612 1030 1676 pararet3
1064 1625 1173 1660 non
1208 1608 1368 1661 aliter
1402 1613 1584 1661 tamen

614 1683 857 1737 Dimovit
892 1683 1176 1736 obstantes
1211 1684 1544 1752 propinquos

679 1758 752 1811 Et
785 1759 1047 1827 populum
1082 1758 1297 1811 reditus
1331 1762 1651 1823 morantem,

546 1833 719 1896 Quam
755 1834 801 1887 si
837 1834 1097 1887 clientum
1134 1833 1294 1900 longa
1330 1834 1550 1901 negotia.

547 1908 865 1976 Dijudicata
900 1910 999 1962 lite
1035 1908 1390 1977 relinqueret,

615 1984 870 2037 Tendens
907 1985 1247 2037 Venafranos
1282 1985 1339 2036 in
1374 2000 1534 2051 agros

680 2061 801 2114 Aut
838 2060 1329 2113 Lacedaemonium
1366 2060 1674 2113 Tarentum.

544 2285 797 2340 DnmcrA
831 2292 1100 2354 majorum
1136 2287 1440 2341 immeritus
1475 2288 1609 2355 lueS‚

548 2361 811 2428 Romane,
848 2362 1022 2415 donec
1058 2363 1266 2429 templa
1301 2363 1557 2416 refeceris

618 2437 915 2505 Aedesque
952 2436 1202 2490 labentes
1237 2438 1463 2490 deorum
1500 2442 1558 2491 et

685 2512 871 2564 Foeda
906 2512 1059 2579 nigro
1098 2512 1385 2566 simulacra
1419 2513 1579 2566 fuum.

546 2586 647 2640 Dis
682 2590 740 2640 te
775 2587 1039 2640 minorem
1077 2588 1225 2656 quod
1259 2589 1404 2655 geris
1439 2589 1709 2656 imperas:

548 2662 693 2716 Hinc
727 2679 887 2716 omne
922 2664 1265 2730 principium,
1301 2664 1407 2716 huc
1442 2664 1589 2716 refer
1625 2665 1845 2719 exitum.

613 2737 685 2790 Di
722 2737 895 2790 multa
929 2739 1165 2805 neglecti
1202 2738 1475 2792 dederunt

685 2812 991 2880 Hesperiae
1027 2812 1171 2866 mala
1204 2813 1494 2869 luctuosae.

546 2888 584 2940 J
587 2904 675 2941 am
708 2888 795 2940 bis
833 2889 1123 2941 Monaeses
1159 2892 1218 2941 et
1254 2888 1444 2940 Pacori
1479 2905 1672 2943 manus

543 2962 597 3017 N
601 2980 670 3016 ou
706 2964 1015 3032 auspicatos
1050 2963 1304 3016 contudit
1338 2963 1577 3030 impetus

613 3038 845 3091 Nostros
882 3043 940 3092 et
975 3038 1246 3106 adjecisse
1280 3038 1542 3107 praedam

681 3113 987 3182 Torquibus
1022 3114 1235 3179 exiguis
1270 3113 1504 3167 renidet.

1902 98 1965 144 49

1924 869 1970 906 40

1933 2599 1957 2636 5

1933 2958 1982 2998 10
