2217 3559
802 129 1216 178 CARMINUM
1251 129 1294 175 I.
1332 131 1378 188 8,
1414 131 1462 177 9.
1943 133 1971 184 7

968 319 973 324 .
1039 272 1209 325 VIII.

621 357 822 421 Lva,
859 355 960 418 dic,
995 371 1095 422 per
1131 372 1314 407 omnes

482 433 557 487 Te
594 432 724 485 deos
759 447 868 496 or0,
908 430 1136 499 Sybarin
1172 447 1268 483 cur
1303 445 1562 497 properas
1598 431 1829 484 amando

620 506 896 570 Perdere3
931 522 1029 558 cur
1063 506 1306 573 apricum

482 582 678 636 Oderit
714 598 963 650 campum
998 582 1213 649 patiens
1246 581 1484 649 pulveris
1521 584 1688 650 atque
1724 580 1888 634 solis?

619 658 731 711 Cur
764 673 944 724 neque
979 656 1229 709 militaris
1951 670 1976 710 5

483 733 641 787 Inter
674 732 930 799 aequales
963 732 1193 800 equitat,
1231 731 1437 784 Gallica
1471 748 1570 785 nec
1605 731 1806 801 lupatis

618 808 909 875 Temperat
945 823 1041 859 ora
1075 807 1282 860 frenis?

482 885 594 939 Cur
619 883 779 936 timet
809 883 1006 935 flavum
1040 882 1280 935 Tiberim
1309 885 1573 951 tangere?
1634 883 1746 936 Cur
1773 883 1973 936 olivum

621 958 892 1026 Sanguine
928 957 1170 1024 viperino

483 1036 707 1090 Cautius
742 1034 894 1098 vitat,
932 1050 1111 1101 neque
1136 1033 1254 1100 jam
1290 1033 1456 1087 livida
1489 1038 1673 1102 gestat
1707 1035 1873 1087 armis
1932 1050 1975 1088 10

619 1109 852 1163 Brachia
887 1125 1049 1176 saepe
1084 1109 1248 1175 discO,

482 1188 656 1256 Saepe
690 1189 844 1238 trans
880 1185 1045 1237 finem
1072 1183 1257 1251 jaculo
1293 1183 1488 1236 nobilis
1524 1185 1819 1253 expedito?

620 1261 766 1325 Quid
801 1261 955 1328 latet,
990 1264 1053 1313 ut
1089 1260 1330 1312 marinae

482 1337 680 1391 Filium
718 1336 907 1389 dicunt
944 1334 1193 1388 Thetidis
1229 1334 1330 1387 sub
1366 1334 1648 1389 lacrimosa
1684 1336 1878 1405 Trojae

620 1413 836 1465 Funera
869 1427 940 1463 ne
975 1410 1147 1463 virilis
1929 1429 1973 1468 15

483 1488 674 1542 Cultus
706 1488 762 1540 in
791 1486 1016 1541 caedem
1046 1490 1100 1539 et
1137 1486 1327 1566 Lycias
1358 1487 1668 1556 proriperet
1698 1490 1971 1543 catervasl

1072 1626 1175 1680 IX.

552 1711 725 1764 ans
759 1715 824 1764 ut
859 1710 970 1763 alta
1005 1714 1120 1763 stet
1155 1710 1278 1762 nive
1315 1709 1609 1765 candidum

549 1787 786 1850 Soracte,
823 1803 923 1838 nec
950 1786 1068 1852 jam
1106 1785 1413 1839 sustineant
1447 1803 1584 1841 onus

617 1861 795 1915 Silvae
830 1861 1142 1914 laborantes
1177 1861 1413 1929 geluque

686 1937 938 1989 Flumina
973 1937 1319 1990 constiterint
1353 1941 1527 1993 acuto·

548 2012 793 2065 Dissolve
827 2013 999 2080 frigus
1035 2012 1183 2079 ligna
1219 2029 1383 2080 super
1416 2014 1536 2066 foco
1948 2031 1975 2072 5

549 2088 724 2155 Large
761 2104 1043 2155 reponens,
1081 2093 1249 2156 atque
1285 2088 1569 2155 benignius

616 2164 890 2233 Deprome
928 2163 1276 2231 quadrimum
1314 2163 1528 2231 Sabina,

684 2240 730 2292 O
771 2239 1102 2305 Thaliarche,
1141 2256 1353 2292 merum
1391 2240 1557 2295 diota„

550 2315 817 2369 Permitte
852 2315 992 2368 divis
1027 2319 1227 2383 cetera,
1263 2315 1356 2383 qui
1394 2315 1549 2368 simul

550 2391 804 2444 Stravere
838 2394 1027 2444 ventos
1063 2407 1300 2459 aequore
1335 2390 1545 2448 fervido
1932 2409 1973 2448 ιο

618 2466 1032 2534 Deproeliantes
1067 2483 1169 2519 nec
1204 2467 1444 2532 cupressi

685 2541 735 2593 N
742 2559 802 2595 ec
836 2546 1049 2595 veteres
1085 2542 1363 2609 agitantur
1398 2540 1530 2595 orni.

552 2616 693 2680 Quid
729 2617 802 2670 sit
836 2617 1081 2670 futurum
1117 2634 1239 2671 cras
1273 2618 1401 2684 fuge
1437 2634 1716 2685 quaerere,
1752 2623 1810 2673 et

548 2692 722 2756 Quem
760 2692 896 2744 Fors
932 2692 1145 2744 dicrum
1182 2709 1395 2760 cunquc
1432 2692 1585 2746 dabit
1620 2693 1769 2747 lucro

619 2770 867 2835 Appone,
903 2784 1002 2821 nec
1038 2768 1225 2821 dulces
1261 2784 1473 2820 amores
1931 2787 1972 2825 15

688 2845 894 2910 Sperne
928 2859 1065 2910 puer
1098 2860 1278 2911 nequo
1313 2847 1375 2895 tu
1411 2843 1646 2913 choreas,

551 2916 737 2971 Donec
772 2917 970 2970 virenti
1007 2920 1229 2971 canities
1264 2919 1420 2971 abest
1616 2909 1623 2922 ¹

551 2992 781 3047 Morosa.
852 2993 903 3045 N
908 3010 1011 3045 unc
1046 2997 1103 3047 et
1139 3010 1360 3061 campus
1396 2998 1453 3047 ct
1489 3010 1648 3049 areae

620 3068 904 3137 Leuesquc
941 3068 1041 3121 sub
1075 3074 1293 3122 noctem
1329 3070 1534 3122 susurri

690 3143 1001 3213 Composita
1034 3148 1355 3213 repetantur
1389 3145 1557 3204 hora3
1925 3164 1969 3202 ιο
