2217 3559
860 145 1273 193 CARMINUM
1307 145 1350 193 Ι.
1390 147 1466 195 36.

585 231 670 281 At
703 227 896 293 vulgus
930 224 1160 277 infidum
1197 228 1255 278 et
1290 223 1551 278 meretrix
1587 233 1740 279 retro

586 301 817 369 Perjura
851 301 1012 367 cedit,
1051 301 1345 368 diffugiunt
1379 299 1530 353 cadis

653 380 793 433 Cum
827 378 976 431 faece
1015 377 1228 430 siccatis
1263 377 1434 442 amici,

725 454 894 506 Ferre
923 452 1123 520 jugum
1156 453 1364 520 pariter
1400 452 1585 505 dolosi.

584 530 782 583 Serves
817 529 1023 581 iturum
1059 528 1351 581 Caesarem
1388 528 1443 581 in
1477 528 1699 581 ultimos

585 604 751 657 Orbis
788 604 1079 657 Britannos
1117 607 1174 656 et
1202 603 1467 671 juvenum
1502 620 1691 656 reeens

656 681 900 733 Examen
938 679 1066 732 Eois
1101 679 1407 731 timendum

726 755 983 808 Part-ibus
1022 754 1347 823 Oceanoque
1379 754 1563 807 rubr0.

589 832 746 885 Eheu
779 830 1094 883 cicatricum
1131 834 1190 883 et
1223 829 1444 882 sceleris
1477 829 1651 897 pudet

591 907 971 973 Fratrumque.
1046 905 1194 968 Quid
1225 919 1327 958 nos
1365 905 1502 957 dura
1531 906 1833 972 refugimus

658 983 872 1035 Aetas?
911 982 1045 1049 quid
1079 981 1346 1033 intactum
1382 981 1579 1034 nefasti

659 1096 662 1099 -
727 1057 1049 1125 Linquimus?
1093 1056 1242 1109 unde
1276 1073 1497 1109 manum
1524 1056 1787 1124 juventus

589 1132 750 1186 Metu
785 1133 1011 1185 deorum
1044 1132 1355 1185 continuit?
1392 1131 1590 1199 quibus

589 1207 845 1275 Pepereit
880 1207 1028 1261 aris?
1103 1207 1150 1259 O
1187 1207 1397 1260 utinam
1432 1224 1570 1259 nova

659 1283 868 1337 Inoude
904 1283 1156 1350 diffingas
1191 1286 1436 1335 retusum
1471 1282 1527 1334 in

727 1358 1068 1426 Massagetas
1107 1358 1432 1425 Arabasque
1465 1358 1705 1412 ferrum!

1040 1571 1314 1624 XXXVL

591 1661 676 1714 Er
709 1660 871 1715 thure
906 1663 963 1713 ct
997 1660 1200 1712 fidibus
1227 1660 1390 1727 juvat

664 1735 888 1788 Plaoare
925 1739 982 1788 et
1017 1735 1176 1801 vituli
1214 1736 1472 1803 sanguine
1509 1736 1697 1791 debito

592 1810 865 1865 Custodes
901 1811 1178 1863 Numidae
1215 1811 1361 1877 dene,

665 1886 771 1949 Qui
804 1903 948 1939 nune
986 1886 1257 1953 Hesperia
1290 1902 1476 1955 sospes
1509 1887 1582 1939 ab
1615 1887 1808 1941 ultima

595 1961 751 2015 Caris
786 1961 958 2014 multa
993 1961 1286 2028 sodalibus,

665 2036 815 2089 Nulli
851 2036 1008 2105 plura
1041 2040 1227 2090 tamen
1264 2036 1463 2090 dividit
1496 2037 1676 2090 oscula

594 2112 772 2175 Quam
809 2111 955 2164 dulci
994 2111 1229 2178 Lamiae,
1266 2129 1475 2164 memor

668 2189 843 2240 Actae
878 2203 986 2239 non
1022 2188 1128 2239 alio
1163 2204 1293 2254 rege
1328 2189 1576 2255 puertiae

595 2262 957 2330 Mutataeque
990 2262 1154 2315 simul
1190 2267 1363 2329 togae.

667 2337 861 2391 Cressa
894 2354 964 2390 ne
1000 2342 1183 2390 careat
1217 2338 1445 2405 pulchra
1481 2325 1600 2391 dies
1633 2342 1777 2407 nota,

595 2413 722 2467 Neu
756 2416 1040 2481 promptae
1075 2412 1270 2465 modus
1304 2414 1610 2480 amphorae,

1982 2354 2027 2393 20

665 2488 717 2540 N
722 2505 791 2541 eu
825 2504 1033 2541 morem
1068 2488 1126 2539 in
1164 2487 1369 2541 Salium
1408 2488 1481 2542 sit
1515 2489 1732 2580 requies
1767 2489 1986 2559 pedum,

596 2563 723 2618 Neu
756 2564 916 2618 multi
955 2564 1198 2618 Damalis
1234 2564 1371 2619 meri

667 2639 897 2691 Bassum
935 2639 1185 2692 Threicia
1220 2639 1401 2693 vineat
1437 2640 1717 2707 amystide,

596 2714 721 2768 Neu
757 2714 939 2767 desint
974 2715 1149 2782 epulis
1185 2731 1356 2782 rosae,

666 2790 792 2842 Neu
826 2790 985 2842 vivax
1022 2791 1222 2857 apium,
1257 2807 1367 2843 neu
1400 2789 1568 2843 breve
1602 2791 1787 2846 lilium.

594 2863 800 2917 Omnes
834 2865 892 2917 in
931 2865 1184 2917 Damalin
1219 2869 1409 2932 putres

665 2939 956 3006 Deponent
991 2940 1188 3006 ocuIOS,
1225 2956 1324 2992 nee
1362 2940 1605 2993 Damalis
1637 2957 1777 2996 novo

595 3013 901 3069 Divelletur
934 3014 1200 3080 adultere,

662 3089 906 3146 Lascivis
941 3089 1161 3147 hederis
1194 3088 1543 3148 ambitiosior.

1983 2730 2025 2770 1⁵
