<?xml version="1.0" encoding="UTF-8"?>
<!DOCTYPE html PUBLIC "-//W3C//DTD XHTML 1.0 Transitional//EN"
    "http://www.w3.org/TR/xhtml1/DTD/xhtml1-transitional.dtd">
<html xmlns="http://www.w3.org/1999/xhtml" xml:lang="en" lang="en">
 <head>
  <title>
</title>
<meta http-equiv="Content-Type" content="text/html;charset=utf-8" />
  <meta name='ocr-system' content='tesseract 3.04.00' />
  <meta name='ocr-capabilities' content='ocr_page ocr_carea ocr_par ocr_line ocrx_word'/>
</head>
<body>
  <div class='ocr_page' id='page_1' title='image "./quintihoratiifl02longgoog_0215.png"; bbox 0 0 2217 3559; ppageno 0'>
   <div class='ocr_carea' id='block_1_1' title="bbox 44 1565 53 1680">
    <p class='ocr_par' dir='ltr' id='par_1_1' title="bbox 44 1565 53 1680">
     <span class='ocr_line' id='line_1_1' title="bbox 44 1565 53 1680; textangle 90"><span class='ocrx_word' id='word_1_1' title='bbox 44 1565 53 1680; x_wconf 45' lang='lat'><em>1——-—⁴-</em></span> 
     </span>
    </p>
   </div>
   <div class='ocr_carea' id='block_1_2' title="bbox 44 217 91 264">
    <p class='ocr_par' dir='ltr' id='par_1_2' title="bbox 44 217 91 264">
     <span class='ocr_line' id='line_1_2' title="bbox 44 217 91 264; baseline 0 -7"><span class='ocrx_word' id='word_1_2' title='bbox 44 217 91 264; x_wconf 52' lang='lat' dir='ltr'><strong>&amp;q</strong></span> 
     </span>
    </p>
   </div>
   <div class='ocr_carea' id='block_1_3' title="bbox 681 93 1893 145">
    <p class='ocr_par' dir='ltr' id='par_1_3' title="bbox 681 93 1893 145">
     <span class='ocr_line' id='line_1_3' title="bbox 681 93 1893 145; baseline -0.001 -2"><span class='ocrx_word' id='word_1_3' title='bbox 681 93 1192 144; x_wconf 81' lang='lat' dir='ltr'><strong>EPISTOLARUM</strong></span> <span class='ocrx_word' id='word_1_4' title='bbox 1227 95 1271 143; x_wconf 93' lang='grc' dir='ltr'><strong>Ι.</strong></span> <span class='ocrx_word' id='word_1_5' title='bbox 1314 95 1386 143; x_wconf 87' lang='grc'><strong>10.</strong></span> <span class='ocrx_word' id='word_1_6' title='bbox 1808 94 1893 145; x_wconf 90' lang='grc'><strong>171</strong></span> 
     </span>
    </p>
   </div>
   <div class='ocr_carea' id='block_1_4' title="bbox 150 171 1897 698">
    <p class='ocr_par' dir='ltr' id='par_1_4' title="bbox 150 171 1518 246">
     <span class='ocr_line' id='line_1_4' title="bbox 150 171 1518 246; baseline -0.001 -17"><span class='ocrx_word' id='word_1_7' title='bbox 150 171 374 231; x_wconf 67' lang='lat' dir='ltr'><strong>Multa</strong></span> <span class='ocrx_word' id='word_1_8' title='bbox 406 176 629 246; x_wconf 86' lang='lat' dir='ltr'><strong>quidem</strong></span> <span class='ocrx_word' id='word_1_9' title='bbox 666 176 781 228; x_wconf 77' lang='lat' dir='ltr'><strong>dixi</strong></span> <span class='ocrx_word' id='word_1_10' title='bbox 819 192 916 227; x_wconf 88' lang='lat' dir='ltr'><strong>cur</strong></span> <span class='ocrx_word' id='word_1_11' title='bbox 952 185 1240 228; x_wconf 76' lang='lat' dir='ltr'><strong>excusatus</strong></span> <span class='ocrx_word' id='word_1_12' title='bbox 1277 176 1518 240; x_wconf 83' lang='lat' dir='ltr'><strong>abirem3</strong></span> 
     </span>
    </p>

    <p class='ocr_par' dir='ltr' id='par_1_5' title="bbox 157 252 1695 395">
     <span class='ocr_line' id='line_1_5' title="bbox 157 252 1545 318; baseline -0.002 -13"><span class='ocrx_word' id='word_1_13' title='bbox 157 253 295 306; x_wconf 80' lang='lat' dir='ltr'><strong>Sed</strong></span> <span class='ocrx_word' id='word_1_14' title='bbox 336 254 498 305; x_wconf 82' lang='lat' dir='ltr'><strong>timui</strong></span> <span class='ocrx_word' id='word_1_15' title='bbox 534 269 657 306; x_wconf 89' lang='lat' dir='ltr'><strong>mea</strong></span> <span class='ocrx_word' id='word_1_16' title='bbox 690 268 760 303; x_wconf 87' lang='lat' dir='ltr'><strong>ne</strong></span> <span class='ocrx_word' id='word_1_17' title='bbox 797 252 1018 304; x_wconf 82' lang='lat' dir='ltr'><strong>finxisse</strong></span> <span class='ocrx_word' id='word_1_18' title='bbox 1054 252 1266 303; x_wconf 87' lang='lat' dir='ltr'><strong>minora</strong></span> <span class='ocrx_word' id='word_1_19' title='bbox 1307 255 1545 318; x_wconf 87' lang='lat' dir='ltr'><strong>putarer,</strong></span> 
     </span>
     <span class='ocr_line' id='line_1_6' title="bbox 162 326 1695 395; baseline -0.001 -15"><span class='ocrx_word' id='word_1_20' title='bbox 162 327 578 381; x_wconf 75' lang='lat' dir='ltr'><strong>Dissimulator</strong></span> <span class='ocrx_word' id='word_1_21' title='bbox 612 328 730 395; x_wconf 84' lang='lat' dir='ltr'><strong>opis</strong></span> <span class='ocrx_word' id='word_1_22' title='bbox 765 327 1031 394; x_wconf 88' lang='lat' dir='ltr'><strong>propriae,</strong></span> <span class='ocrx_word' id='word_1_23' title='bbox 1068 327 1201 379; x_wconf 86' lang='lat' dir='ltr'><strong>mihi</strong></span> <span class='ocrx_word' id='word_1_24' title='bbox 1239 326 1553 379; x_wconf 88' lang='lat' dir='ltr'><strong>commodus</strong></span> <span class='ocrx_word' id='word_1_25' title='bbox 1588 327 1695 380; x_wconf 88' lang='lat' dir='ltr'><strong>uni.</strong></span> 
     </span>
    </p>

    <p class='ocr_par' dir='ltr' id='par_1_6' title="bbox 165 402 1897 622">
     <span class='ocr_line' id='line_1_7' title="bbox 165 402 1897 472; baseline -0.001 -16"><span class='ocrx_word' id='word_1_26' title='bbox 165 404 270 456; x_wconf 77' lang='lat' dir='ltr'><strong>Sic</strong></span> <span class='ocrx_word' id='word_1_27' title='bbox 312 421 421 472; x_wconf 82' lang='lat' dir='ltr'><strong>ego</strong></span> <span class='ocrx_word' id='word_1_28' title='bbox 454 404 677 472; x_wconf 88' lang='lat' dir='ltr'><strong>majoris</strong></span> <span class='ocrx_word' id='word_1_29' title='bbox 713 403 929 471; x_wconf 83' lang='lat' dir='ltr'>fugiens</span> <span class='ocrx_word' id='word_1_30' title='bbox 963 402 1254 470; x_wconf 86' lang='lat' dir='ltr'><strong>opprobria</strong></span> <span class='ocrx_word' id='word_1_31' title='bbox 1289 403 1479 471; x_wconf 88' lang='lat' dir='ltr'><strong>culpae</strong></span> <span class='ocrx_word' id='word_1_32' title='bbox 1857 417 1897 455; x_wconf 86' lang='lat'><strong>10</strong></span> 
     </span>
     <span class='ocr_line' id='line_1_8' title="bbox 167 477 1659 546; baseline -0.002 -15"><span class='ocrx_word' id='word_1_33' title='bbox 167 478 413 533; x_wconf 75' lang='lat' dir='ltr'>Frontis</span> <span class='ocrx_word' id='word_1_34' title='bbox 447 479 520 532; x_wconf 84' lang='lat' dir='ltr'><strong>ad</strong></span> <span class='ocrx_word' id='word_1_35' title='bbox 553 478 796 532; x_wconf 88' lang='lat' dir='ltr'><strong>urbanae</strong></span> <span class='ocrx_word' id='word_1_36' title='bbox 833 478 1093 532; x_wconf 85' lang='lat' dir='ltr'><strong>descendi</strong></span> <span class='ocrx_word' id='word_1_37' title='bbox 1127 479 1382 546; x_wconf 84' lang='lat' dir='ltr'><strong>praemia.</strong></span> <span class='ocrx_word' id='word_1_38' title='bbox 1455 477 1659 541; x_wconf 84' lang='lat' dir='ltr'><strong>Quodsi</strong></span> 
     </span>
     <span class='ocr_line' id='line_1_9' title="bbox 168 552 1539 622; baseline -0.001 -16"><span class='ocrx_word' id='word_1_39' title='bbox 168 552 515 622; x_wconf 82' lang='lat' dir='ltr'><strong>Depositum</strong></span> <span class='ocrx_word' id='word_1_40' title='bbox 552 555 743 607; x_wconf 85' lang='lat' dir='ltr'><strong>laudas</strong></span> <span class='ocrx_word' id='word_1_41' title='bbox 778 554 848 607; x_wconf 92' lang='lat' dir='ltr'><strong>ob</strong></span> <span class='ocrx_word' id='word_1_42' title='bbox 883 554 1041 607; x_wconf 89' lang='lat' dir='ltr'><strong>amici</strong></span> <span class='ocrx_word' id='word_1_43' title='bbox 1069 554 1225 621; x_wconf 85' lang='lat' dir='ltr'><strong>jussa</strong></span> <span class='ocrx_word' id='word_1_44' title='bbox 1259 554 1539 622; x_wconf 84' lang='lat' dir='ltr'><strong>pudorem,</strong></span> 
     </span>
    </p>

    <p class='ocr_par' dir='ltr' id='par_1_7' title="bbox 173 628 1781 698">
     <span class='ocr_line' id='line_1_10' title="bbox 173 628 1781 698; baseline -0.001 -16"><span class='ocrx_word' id='word_1_45' title='bbox 173 630 384 683; x_wconf 83' lang='lat' dir='ltr'>Scribe</span> <span class='ocrx_word' id='word_1_46' title='bbox 417 631 500 684; x_wconf 90' lang='lat' dir='ltr'><strong>tui</strong></span> <span class='ocrx_word' id='word_1_47' title='bbox 535 630 719 698; x_wconf 83' lang='lat' dir='ltr'><strong>gregis</strong></span> <span class='ocrx_word' id='word_1_48' title='bbox 753 630 897 683; x_wconf 91' lang='lat' dir='ltr'><strong>hunc</strong></span> <span class='ocrx_word' id='word_1_49' title='bbox 931 634 991 683; x_wconf 88' lang='lat' dir='ltr'><strong>et</strong></span> <span class='ocrx_word' id='word_1_50' title='bbox 1023 630 1224 683; x_wconf 87' lang='lat' dir='ltr'><strong>fortem</strong></span> <span class='ocrx_word' id='word_1_51' title='bbox 1259 628 1424 682; x_wconf 90' lang='lat' dir='ltr'><strong>crede</strong></span> <span class='ocrx_word' id='word_1_52' title='bbox 1458 629 1781 697; x_wconf 89' lang='lat' dir='ltr'><strong>bonumque.</strong></span> 
     </span>
    </p>
   </div>
   <div class='ocr_carea' id='block_1_5' title="bbox 1015 770 1083 824">
    <p class='ocr_par' dir='ltr' id='par_1_8' title="bbox 1015 770 1083 824">
     <span class='ocr_line' id='line_1_11' title="bbox 1015 770 1083 824; baseline 0 0"><span class='ocrx_word' id='word_1_53' title='bbox 1015 770 1083 824; x_wconf 92' lang='lat' dir='ltr'><strong>X.</strong></span> 
     </span>
    </p>
   </div>
   <div class='ocr_carea' id='block_1_6' title="bbox 178 850 1897 2192">
    <p class='ocr_par' dir='ltr' id='par_1_9' title="bbox 178 850 1518 920">
     <span class='ocr_line' id='line_1_12' title="bbox 178 850 1518 920; baseline 0.001 -15"><span class='ocrx_word' id='word_1_54' title='bbox 178 850 377 907; x_wconf 78' lang='lat' dir='ltr'><strong>URms</strong></span> <span class='ocrx_word' id='word_1_55' title='bbox 411 857 709 906; x_wconf 84' lang='lat' dir='ltr'><strong>amatorem</strong></span> <span class='ocrx_word' id='word_1_56' title='bbox 746 853 983 907; x_wconf 84' lang='lat' dir='ltr'><strong>Fuscum</strong></span> <span class='ocrx_word' id='word_1_57' title='bbox 1019 854 1229 907; x_wconf 84' lang='lat' dir='ltr'><strong>salvere</strong></span> <span class='ocrx_word' id='word_1_58' title='bbox 1257 852 1518 920; x_wconf 87' lang='lat' dir='ltr'><strong>jubemus</strong></span> 
     </span>
    </p>

    <p class='ocr_par' dir='ltr' id='par_1_10' title="bbox 182 927 1392 995">
     <span class='ocr_line' id='line_1_13' title="bbox 182 927 1392 995; baseline 0.001 -15"><span class='ocrx_word' id='word_1_59' title='bbox 182 927 363 981; x_wconf 85' lang='lat' dir='ltr'><strong>Ruris</strong></span> <span class='ocrx_word' id='word_1_60' title='bbox 397 934 681 995; x_wconf 77' lang='lat' dir='ltr'><strong>amatoreS,</strong></span> <span class='ocrx_word' id='word_1_61' title='bbox 716 929 820 982; x_wconf 84' lang='lat' dir='ltr'><strong>hac</strong></span> <span class='ocrx_word' id='word_1_62' title='bbox 853 930 910 982; x_wconf 90' lang='lat' dir='ltr'><strong>in</strong></span> <span class='ocrx_word' id='word_1_63' title='bbox 946 946 1007 982; x_wconf 89' lang='lat' dir='ltr'><strong>re</strong></span> <span class='ocrx_word' id='word_1_64' title='bbox 1044 930 1249 983; x_wconf 88' lang='lat' dir='ltr'><strong>scilicet</strong></span> <span class='ocrx_word' id='word_1_65' title='bbox 1283 946 1392 981; x_wconf 85' lang='lat' dir='ltr'><strong>una</strong></span> 
     </span>
    </p>

    <p class='ocr_par' dir='ltr' id='par_1_11' title="bbox 183 1003 1619 1073">
     <span class='ocr_line' id='line_1_14' title="bbox 183 1003 1619 1073; baseline 0 -17"><span class='ocrx_word' id='word_1_66' title='bbox 183 1003 433 1058; x_wconf 85' lang='lat' dir='ltr'><strong>Multum</strong></span> <span class='ocrx_word' id='word_1_67' title='bbox 468 1004 773 1072; x_wconf 88' lang='lat' dir='ltr'><strong>dissimiles,</strong></span> <span class='ocrx_word' id='word_1_68' title='bbox 809 1005 882 1057; x_wconf 87' lang='lat' dir='ltr'><strong>ad</strong></span> <span class='ocrx_word' id='word_1_69' title='bbox 916 1007 1133 1058; x_wconf 87' lang='lat' dir='ltr'><strong>caetera</strong></span> <span class='ocrx_word' id='word_1_70' title='bbox 1165 1022 1339 1073; x_wconf 86' lang='lat' dir='ltr'><strong>paene</strong></span> <span class='ocrx_word' id='word_1_71' title='bbox 1373 1005 1619 1072; x_wconf 84' lang='lat' dir='ltr'><strong>gemelli3</strong></span> 
     </span>
    </p>

    <p class='ocr_par' dir='ltr' id='par_1_12' title="bbox 184 1078 1897 1300">
     <span class='ocr_line' id='line_1_15' title="bbox 184 1078 1688 1148; baseline 0 -17"><span class='ocrx_word' id='word_1_72' title='bbox 184 1078 232 1131; x_wconf 84' lang='lat' dir='ltr'>F</span> <span class='ocrx_word' id='word_1_73' title='bbox 235 1080 478 1133; x_wconf 85' lang='lat' dir='ltr'><strong>raternis</strong></span> <span class='ocrx_word' id='word_1_74' title='bbox 514 1080 708 1133; x_wconf 88' lang='lat' dir='ltr'><strong>animis</strong></span> <span class='ocrx_word' id='word_1_75' title='bbox 745 1080 1016 1148; x_wconf 90' lang='lat' dir='ltr'><strong>quidquid</strong></span> <span class='ocrx_word' id='word_1_76' title='bbox 1050 1085 1216 1148; x_wconf 84' lang='lat' dir='ltr'><strong>negat</strong></span> <span class='ocrx_word' id='word_1_77' title='bbox 1250 1080 1392 1133; x_wconf 85' lang='lat' dir='ltr'><strong>alter</strong></span> <span class='ocrx_word' id='word_1_78' title='bbox 1427 1085 1485 1133; x_wconf 92' lang='lat' dir='ltr'><strong>et</strong></span> <span class='ocrx_word' id='word_1_79' title='bbox 1520 1080 1661 1132; x_wconf 80' lang='lat' dir='ltr'><strong>alter</strong></span> <span class='ocrx_word' id='word_1_80' title='bbox 1673 1096 1688 1142; x_wconf 81' lang='lat'>3</span> 
     </span>
     <span class='ocr_line' id='line_1_16' title="bbox 188 1156 1897 1225; baseline 0.003 -17"><span class='ocrx_word' id='word_1_81' title='bbox 188 1157 505 1209; x_wconf 79' lang='lat' dir='ltr'><strong>Annuimus</strong></span> <span class='ocrx_word' id='word_1_82' title='bbox 540 1156 747 1222; x_wconf 88' lang='lat' dir='ltr'><strong>pariter</strong></span> <span class='ocrx_word' id='word_1_83' title='bbox 782 1156 951 1209; x_wconf 91' lang='lat' dir='ltr'><strong>vetuli</strong></span> <span class='ocrx_word' id='word_1_84' title='bbox 987 1156 1212 1225; x_wconf 77' lang='lat' dir='ltr'><strong>notique</strong></span> <span class='ocrx_word' id='word_1_85' title='bbox 1248 1156 1495 1209; x_wconf 85' lang='lat' dir='ltr'><strong>columbi.</strong></span> <span class='ocrx_word' id='word_1_86' title='bbox 1870 1168 1897 1214; x_wconf 77' lang='grc' dir='ltr'><strong>δ,</strong></span> 
     </span>
     <span class='ocr_line' id='line_1_17' title="bbox 186 1229 1511 1300; baseline 0 -17"><span class='ocrx_word' id='word_1_87' title='bbox 186 1229 275 1283; x_wconf 86' lang='lat' dir='ltr'><strong>Tu</strong></span> <span class='ocrx_word' id='word_1_88' title='bbox 309 1231 501 1284; x_wconf 90' lang='lat' dir='ltr'><strong>nidum</strong></span> <span class='ocrx_word' id='word_1_89' title='bbox 537 1247 749 1295; x_wconf 84' lang='lat' dir='ltr'><strong>servas;</strong></span> <span class='ocrx_word' id='word_1_90' title='bbox 787 1248 888 1300; x_wconf 87' lang='lat' dir='ltr'><strong>ego</strong></span> <span class='ocrx_word' id='word_1_91' title='bbox 922 1232 1084 1284; x_wconf 89' lang='lat' dir='ltr'><strong>laudo</strong></span> <span class='ocrx_word' id='word_1_92' title='bbox 1120 1232 1264 1284; x_wconf 87' lang='lat' dir='ltr'><strong>ruris</strong></span> <span class='ocrx_word' id='word_1_93' title='bbox 1294 1231 1511 1284; x_wconf 84' lang='lat' dir='ltr'><strong>amoeni</strong></span> 
     </span>
    </p>

    <p class='ocr_par' dir='ltr' id='par_1_13' title="bbox 187 1305 1527 1375">
     <span class='ocr_line' id='line_1_18' title="bbox 187 1305 1527 1375; baseline 0.002 -18"><span class='ocrx_word' id='word_1_94' title='bbox 187 1305 363 1359; x_wconf 85' lang='lat' dir='ltr'><strong>Rivos</strong></span> <span class='ocrx_word' id='word_1_95' title='bbox 398 1311 456 1360; x_wconf 86' lang='lat' dir='ltr'><strong>et</strong></span> <span class='ocrx_word' id='word_1_96' title='bbox 490 1322 676 1359; x_wconf 87' lang='lat' dir='ltr'><strong>musco</strong></span> <span class='ocrx_word' id='word_1_97' title='bbox 712 1306 1012 1360; x_wconf 86' lang='lat' dir='ltr'><strong>circumlita</strong></span> <span class='ocrx_word' id='word_1_98' title='bbox 1047 1324 1177 1359; x_wconf 83' lang='lat' dir='ltr'><strong>saxa</strong></span> <span class='ocrx_word' id='word_1_99' title='bbox 1211 1324 1527 1375; x_wconf 84' lang='lat' dir='ltr'><strong>nemusque.</strong></span> 
     </span>
    </p>

    <p class='ocr_par' dir='ltr' id='par_1_14' title="bbox 189 1380 1713 1520">
     <span class='ocr_line' id='line_1_19' title="bbox 190 1380 1713 1451; baseline 0.001 -17"><span class='ocrx_word' id='word_1_100' title='bbox 190 1381 343 1445; x_wconf 82' lang='lat' dir='ltr'><strong>Quid</strong></span> <span class='ocrx_word' id='word_1_101' title='bbox 378 1381 632 1450; x_wconf 74' lang='lat' dir='ltr'><strong>quaeris?</strong></span> <span class='ocrx_word' id='word_1_102' title='bbox 705 1382 846 1434; x_wconf 84' lang='lat' dir='ltr'><strong>Vivo</strong></span> <span class='ocrx_word' id='word_1_103' title='bbox 883 1385 941 1435; x_wconf 91' lang='lat' dir='ltr'><strong>et</strong></span> <span class='ocrx_word' id='word_1_104' title='bbox 976 1399 1144 1449; x_wconf 81' lang='lat' dir='ltr'><strong>regno</strong></span> <span class='ocrx_word' id='word_1_105' title='bbox 1180 1383 1340 1435; x_wconf 87' lang='lat' dir='ltr'><strong>simul</strong></span> <span class='ocrx_word' id='word_1_106' title='bbox 1375 1383 1484 1435; x_wconf 85' lang='lat' dir='ltr'><strong>ista</strong></span> <span class='ocrx_word' id='word_1_107' title='bbox 1518 1380 1713 1451; x_wconf 85' lang='lat' dir='ltr'><strong>reliqui</strong></span> 
     </span>
     <span class='ocr_line' id='line_1_20' title="bbox 189 1457 1571 1520; baseline 0.001 -11"><span class='ocrx_word' id='word_1_108' title='bbox 189 1457 348 1520; x_wconf 79' lang='lat' dir='ltr'><strong>Quae</strong></span> <span class='ocrx_word' id='word_1_109' title='bbox 381 1474 477 1511; x_wconf 88' lang='lat' dir='ltr'><strong>vos</strong></span> <span class='ocrx_word' id='word_1_110' title='bbox 511 1457 584 1510; x_wconf 88' lang='lat' dir='ltr'><strong>ad</strong></span> <span class='ocrx_word' id='word_1_111' title='bbox 619 1457 829 1510; x_wconf 85' lang='lat' dir='ltr'><strong>caelum</strong></span> <span class='ocrx_word' id='word_1_112' title='bbox 864 1457 1024 1510; x_wconf 86' lang='lat' dir='ltr'><strong>fertis</strong></span> <span class='ocrx_word' id='word_1_113' title='bbox 1055 1474 1272 1511; x_wconf 88' lang='lat' dir='ltr'><strong>rumore</strong></span> <span class='ocrx_word' id='word_1_114' title='bbox 1308 1458 1571 1511; x_wconf 85' lang='lat' dir='ltr'><strong>secundo:</strong></span> 
     </span>
    </p>

    <p class='ocr_par' dir='ltr' id='par_1_15' title="bbox 188 1531 1895 1677">
     <span class='ocr_line' id='line_1_21' title="bbox 188 1531 1895 1601; baseline -0.001 -16"><span class='ocrx_word' id='word_1_115' title='bbox 188 1531 383 1601; x_wconf 91' lang='lat' dir='ltr'><strong>thue</strong></span> <span class='ocrx_word' id='word_1_116' title='bbox 419 1533 716 1588; x_wconf 85' lang='lat' dir='ltr'><strong>sacerdotis</strong></span> <span class='ocrx_word' id='word_1_117' title='bbox 752 1533 1014 1600; x_wconf 86' lang='lat' dir='ltr'><strong>fugitivus</strong></span> <span class='ocrx_word' id='word_1_118' title='bbox 1049 1533 1161 1587; x_wconf 88' lang='lat' dir='ltr'><strong>liba</strong></span> <span class='ocrx_word' id='word_1_119' title='bbox 1194 1550 1411 1598; x_wconf 83' lang='lat' dir='ltr'><strong>recus03</strong></span> <span class='ocrx_word' id='word_1_120' title='bbox 1853 1548 1895 1585; x_wconf 82' lang='lat' dir='ltr'><strong>lo</strong></span> 
     </span>
     <span class='ocr_line' id='line_1_22' title="bbox 192 1607 1480 1677; baseline 0.001 -16"><span class='ocrx_word' id='word_1_121' title='bbox 192 1607 344 1661; x_wconf 87' lang='lat' dir='ltr'><strong>Pane</strong></span> <span class='ocrx_word' id='word_1_122' title='bbox 379 1625 512 1676; x_wconf 86' lang='lat' dir='ltr'><strong>egeo</strong></span> <span class='ocrx_word' id='word_1_123' title='bbox 538 1615 546 1624; x_wconf 80' lang='grc'><strong>“</strong></span> <span class='ocrx_word' id='word_1_124' title='bbox 546 1608 571 1676; x_wconf 90' lang='lat' dir='ltr'><strong>j</strong></span> <span class='ocrx_word' id='word_1_125' title='bbox 578 1626 666 1661; x_wconf 89' lang='lat' dir='ltr'><strong>am</strong></span> <span class='ocrx_word' id='word_1_126' title='bbox 702 1608 925 1661; x_wconf 87' lang='lat' dir='ltr'><strong>mellitis</strong></span> <span class='ocrx_word' id='word_1_127' title='bbox 960 1609 1169 1676; x_wconf 89' lang='lat' dir='ltr'><strong>potiore</strong></span> <span class='ocrx_word' id='word_1_128' title='bbox 1204 1608 1480 1677; x_wconf 80' lang='lat' dir='ltr'><strong>placentis,</strong></span> 
     </span>
    </p>

    <p class='ocr_par' dir='ltr' id='par_1_16' title="bbox 191 1681 1415 1753">
     <span class='ocr_line' id='line_1_23' title="bbox 191 1681 1415 1753; baseline 0.003 -20"><span class='ocrx_word' id='word_1_129' title='bbox 191 1681 396 1737; x_wconf 87' lang='lat' dir='ltr'><strong>Vivere</strong></span> <span class='ocrx_word' id='word_1_130' title='bbox 430 1688 658 1737; x_wconf 84' lang='lat' dir='ltr'><strong>naturae</strong></span> <span class='ocrx_word' id='word_1_131' title='bbox 695 1684 740 1736; x_wconf 90' lang='lat' dir='ltr'><strong>si</strong></span> <span class='ocrx_word' id='word_1_132' title='bbox 776 1685 1161 1737; x_wconf 85' lang='lat' dir='ltr'><strong>convenienter</strong></span> <span class='ocrx_word' id='word_1_133' title='bbox 1195 1688 1415 1753; x_wconf 77' lang='lat' dir='ltr'><strong>oportet</strong></span> 
     </span>
    </p>

    <p class='ocr_par' dir='ltr' id='par_1_17' title="bbox 191 1758 1707 1902">
     <span class='ocr_line' id='line_1_24' title="bbox 194 1758 1707 1827; baseline -0.001 -15"><span class='ocrx_word' id='word_1_134' title='bbox 194 1758 597 1827; x_wconf 84' lang='lat' dir='ltr'><strong>Ponendaeque</strong></span> <span class='ocrx_word' id='word_1_135' title='bbox 633 1759 795 1812; x_wconf 89' lang='lat' dir='ltr'><strong>domo</strong></span> <span class='ocrx_word' id='word_1_136' title='bbox 831 1759 1144 1827; x_wconf 88' lang='lat' dir='ltr'><strong>quaerenda</strong></span> <span class='ocrx_word' id='word_1_137' title='bbox 1179 1764 1265 1813; x_wconf 87' lang='lat' dir='ltr'><strong>est</strong></span> <span class='ocrx_word' id='word_1_138' title='bbox 1298 1775 1426 1813; x_wconf 88' lang='lat' dir='ltr'><strong>area</strong></span> <span class='ocrx_word' id='word_1_139' title='bbox 1458 1759 1707 1827; x_wconf 87' lang='lat' dir='ltr'><strong>primum,</strong></span> 
     </span>
     <span class='ocr_line' id='line_1_25' title="bbox 191 1833 1394 1902; baseline 0.002 -16"><span class='ocrx_word' id='word_1_140' title='bbox 191 1833 480 1888; x_wconf 85' lang='lat' dir='ltr'><strong>Novistine</strong></span> <span class='ocrx_word' id='word_1_141' title='bbox 513 1836 690 1888; x_wconf 88' lang='lat' dir='ltr'><strong>locum</strong></span> <span class='ocrx_word' id='word_1_142' title='bbox 724 1835 993 1902; x_wconf 87' lang='lat' dir='ltr'><strong>potiorem</strong></span> <span class='ocrx_word' id='word_1_143' title='bbox 1027 1852 1156 1888; x_wconf 90' lang='lat' dir='ltr'><strong>rure</strong></span> <span class='ocrx_word' id='word_1_144' title='bbox 1193 1835 1394 1889; x_wconf 70' lang='lat' dir='ltr'><strong>beato?</strong></span> 
     </span>
    </p>

    <p class='ocr_par' dir='ltr' id='par_1_18' title="bbox 193 1909 1894 2054">
     <span class='ocr_line' id='line_1_26' title="bbox 193 1909 1894 1979; baseline 0 -17"><span class='ocrx_word' id='word_1_145' title='bbox 193 1910 297 1964; x_wconf 88' lang='lat' dir='ltr'><strong>Est</strong></span> <span class='ocrx_word' id='word_1_146' title='bbox 330 1909 425 1963; x_wconf 89' lang='lat' dir='ltr'><strong>ubi</strong></span> <span class='ocrx_word' id='word_1_147' title='bbox 459 1910 584 1979; x_wconf 88' lang='lat' dir='ltr'><strong>plus</strong></span> <span class='ocrx_word' id='word_1_148' title='bbox 620 1914 846 1978; x_wconf 85' lang='lat' dir='ltr'><strong>tepeant</strong></span> <span class='ocrx_word' id='word_1_149' title='bbox 881 1911 1102 1977; x_wconf 81' lang='lat' dir='ltr'><strong>hiemeS‚</strong></span> <span class='ocrx_word' id='word_1_150' title='bbox 1140 1910 1235 1963; x_wconf 93' lang='lat' dir='ltr'><strong>ubi</strong></span> <span class='ocrx_word' id='word_1_151' title='bbox 1268 1910 1476 1978; x_wconf 82' lang='lat' dir='ltr'><strong>gratior</strong></span> <span class='ocrx_word' id='word_1_152' title='bbox 1509 1926 1639 1964; x_wconf 83' lang='lat' dir='ltr'><strong>aura</strong></span> <span class='ocrx_word' id='word_1_153' title='bbox 1852 1924 1894 1962; x_wconf 82' lang='lat'><strong>15</strong></span> 
     </span>
     <span class='ocr_line' id='line_1_27' title="bbox 195 1984 1580 2054; baseline 0.001 -17"><span class='ocrx_word' id='word_1_154' title='bbox 195 1984 392 2039; x_wconf 86' lang='lat' dir='ltr'><strong>Leniat</strong></span> <span class='ocrx_word' id='word_1_155' title='bbox 426 1990 486 2039; x_wconf 83' lang='lat' dir='ltr'><strong>et</strong></span> <span class='ocrx_word' id='word_1_156' title='bbox 520 1985 729 2039; x_wconf 83' lang='lat' dir='ltr'><strong>rabiem</strong></span> <span class='ocrx_word' id='word_1_157' title='bbox 767 1986 930 2039; x_wconf 86' lang='lat' dir='ltr'><strong>Canis</strong></span> <span class='ocrx_word' id='word_1_158' title='bbox 965 1990 1023 2039; x_wconf 90' lang='lat' dir='ltr'><strong>et</strong></span> <span class='ocrx_word' id='word_1_159' title='bbox 1057 1993 1333 2039; x_wconf 86' lang='lat' dir='ltr'><strong>momenta</strong></span> <span class='ocrx_word' id='word_1_160' title='bbox 1369 1986 1580 2054; x_wconf 84' lang='lat' dir='ltr'><strong>Leonis,</strong></span> 
     </span>
    </p>

    <p class='ocr_par' dir='ltr' id='par_1_19' title="bbox 193 2061 1654 2130">
     <span class='ocr_line' id='line_1_28' title="bbox 193 2061 1654 2130; baseline -0.001 -15"><span class='ocrx_word' id='word_1_161' title='bbox 193 2062 332 2115; x_wconf 85' lang='lat' dir='ltr'><strong>Cum</strong></span> <span class='ocrx_word' id='word_1_162' title='bbox 369 2061 536 2115; x_wconf 84' lang='lat' dir='ltr'><strong>semel</strong></span> <span class='ocrx_word' id='word_1_163' title='bbox 573 2062 783 2130; x_wconf 87' lang='lat' dir='ltr'><strong>accepit</strong></span> <span class='ocrx_word' id='word_1_164' title='bbox 819 2061 998 2115; x_wconf 83' lang='lat' dir='ltr'><strong>Solem</strong></span> <span class='ocrx_word' id='word_1_165' title='bbox 1033 2062 1358 2116; x_wconf 85' lang='lat' dir='ltr'><strong>furibundus</strong></span> <span class='ocrx_word' id='word_1_166' title='bbox 1394 2063 1654 2115; x_wconf 68' lang='lat' dir='ltr'><strong>acutum?</strong></span> 
     </span>
    </p>

    <p class='ocr_par' dir='ltr' id='par_1_20' title="bbox 195 2136 1569 2192">
     <span class='ocr_line' id='line_1_29' title="bbox 195 2136 1569 2192; baseline 0.001 -3"><span class='ocrx_word' id='word_1_167' title='bbox 195 2136 297 2189; x_wconf 89' lang='lat' dir='ltr'><strong>Est</strong></span> <span class='ocrx_word' id='word_1_168' title='bbox 329 2137 426 2190; x_wconf 89' lang='lat' dir='ltr'><strong>ubi</strong></span> <span class='ocrx_word' id='word_1_169' title='bbox 463 2138 687 2191; x_wconf 87' lang='lat' dir='ltr'><strong>divellat</strong></span> <span class='ocrx_word' id='word_1_170' title='bbox 723 2155 938 2191; x_wconf 82' lang='lat' dir='ltr'><strong>somnos</strong></span> <span class='ocrx_word' id='word_1_171' title='bbox 972 2138 1151 2191; x_wconf 88' lang='lat' dir='ltr'><strong>minus</strong></span> <span class='ocrx_word' id='word_1_172' title='bbox 1185 2138 1368 2191; x_wconf 89' lang='lat' dir='ltr'><strong>invida</strong></span> <span class='ocrx_word' id='word_1_173' title='bbox 1401 2140 1569 2192; x_wconf 66' lang='lat' dir='ltr'><strong>cura?</strong></span> 
     </span>
    </p>
   </div>
   <div class='ocr_carea' id='block_1_7' title="bbox 109 2211 1638 2282">
    <p class='ocr_par' dir='ltr' id='par_1_21' title="bbox 109 2211 1638 2282">
     <span class='ocr_line' id='line_1_30' title="bbox 109 2211 1638 2282; baseline 0.001 -17"><span class='ocrx_word' id='word_1_174' title='bbox 109 2239 115 2246; x_wconf 92' lang='lat'><strong>·</strong></span> <span class='ocrx_word' id='word_1_175' title='bbox 195 2211 453 2266; x_wconf 87' lang='lat' dir='ltr'><strong>Deterius</strong></span> <span class='ocrx_word' id='word_1_176' title='bbox 492 2212 707 2282; x_wconf 84' lang='lat' dir='ltr'><strong>Libycis</strong></span> <span class='ocrx_word' id='word_1_177' title='bbox 743 2213 853 2267; x_wconf 88' lang='lat' dir='ltr'><strong>olet</strong></span> <span class='ocrx_word' id='word_1_178' title='bbox 888 2217 984 2268; x_wconf 88' lang='lat' dir='ltr'><strong>aut</strong></span> <span class='ocrx_word' id='word_1_179' title='bbox 1019 2215 1164 2268; x_wconf 88' lang='lat' dir='ltr'><strong>nitet</strong></span> <span class='ocrx_word' id='word_1_180' title='bbox 1198 2214 1369 2268; x_wconf 89' lang='lat' dir='ltr'><strong>herba</strong></span> <span class='ocrx_word' id='word_1_181' title='bbox 1403 2213 1638 2281; x_wconf 69' lang='lat' dir='ltr'><strong>lapillis?</strong></span> 
     </span>
    </p>
   </div>
   <div class='ocr_carea' id='block_1_8' title="bbox 195 2286 1893 3111">
    <p class='ocr_par' dir='ltr' id='par_1_22' title="bbox 195 2286 1891 2659">
     <span class='ocr_line' id='line_1_31' title="bbox 197 2286 1891 2357; baseline 0.002 -17"><span class='ocrx_word' id='word_1_182' title='bbox 197 2286 389 2342; x_wconf 90' lang='lat' dir='ltr'><strong>Purior</strong></span> <span class='ocrx_word' id='word_1_183' title='bbox 421 2288 479 2341; x_wconf 90' lang='lat' dir='ltr'><strong>in</strong></span> <span class='ocrx_word' id='word_1_184' title='bbox 515 2290 647 2343; x_wconf 88' lang='lat' dir='ltr'><strong>vicis</strong></span> <span class='ocrx_word' id='word_1_185' title='bbox 682 2306 825 2357; x_wconf 84' lang='lat' dir='ltr'><strong>aqua</strong></span> <span class='ocrx_word' id='word_1_186' title='bbox 859 2290 1042 2343; x_wconf 89' lang='lat' dir='ltr'><strong>tendit</strong></span> <span class='ocrx_word' id='word_1_187' title='bbox 1076 2306 1332 2357; x_wconf 85' lang='lat' dir='ltr'><strong>rumpere</strong></span> <span class='ocrx_word' id='word_1_188' title='bbox 1366 2289 1646 2356; x_wconf 87' lang='lat' dir='ltr'><strong>plumbum</strong></span> <span class='ocrx_word' id='word_1_189' title='bbox 1846 2306 1891 2343; x_wconf 74' lang='lat'><strong>20</strong></span> 
     </span>
     <span class='ocr_line' id='line_1_32' title="bbox 197 2363 1862 2433; baseline 0.001 -16"><span class='ocrx_word' id='word_1_190' title='bbox 197 2363 370 2427; x_wconf 83' lang='lat' dir='ltr'><strong>Quam</strong></span> <span class='ocrx_word' id='word_1_191' title='bbox 395 2381 535 2432; x_wconf 83' lang='lat' dir='ltr'><strong>quae</strong></span> <span class='ocrx_word' id='word_1_192' title='bbox 559 2381 659 2432; x_wconf 91' lang='lat' dir='ltr'><strong>per</strong></span> <span class='ocrx_word' id='word_1_193' title='bbox 681 2381 911 2433; x_wconf 89' lang='lat' dir='ltr'><strong>pronum</strong></span> <span class='ocrx_word' id='word_1_194' title='bbox 934 2364 1178 2432; x_wconf 82' lang='lat' dir='ltr'><strong>trepidat</strong></span> <span class='ocrx_word' id='word_1_195' title='bbox 1201 2381 1323 2416; x_wconf 89' lang='lat' dir='ltr'><strong>cum</strong></span> <span class='ocrx_word' id='word_1_196' title='bbox 1347 2381 1625 2417; x_wconf 89' lang='lat' dir='ltr'><strong>murmure</strong></span> <span class='ocrx_word' id='word_1_197' title='bbox 1648 2367 1821 2419; x_wconf 84' lang='lat' dir='ltr'><strong>rivum</strong></span> <span class='ocrx_word' id='word_1_198' title='bbox 1843 2370 1862 2418; x_wconf 71' lang='lat' dir='ltr'><strong>‘t</strong></span> 
     </span>
     <span class='ocr_line' id='line_1_33' title="bbox 196 2437 1567 2507; baseline 0.001 -15"><span class='ocrx_word' id='word_1_199' title='bbox 196 2437 407 2507; x_wconf 86' lang='lat' dir='ltr'><strong>Nempe</strong></span> <span class='ocrx_word' id='word_1_200' title='bbox 441 2440 586 2493; x_wconf 90' lang='lat' dir='ltr'><strong>inter</strong></span> <span class='ocrx_word' id='word_1_201' title='bbox 621 2440 796 2493; x_wconf 81' lang='lat' dir='ltr'><strong>varias</strong></span> <span class='ocrx_word' id='word_1_202' title='bbox 829 2440 1073 2493; x_wconf 87' lang='lat' dir='ltr'><strong>nutritur</strong></span> <span class='ocrx_word' id='word_1_203' title='bbox 1109 2440 1245 2492; x_wconf 86' lang='lat' dir='ltr'><strong>silva</strong></span> <span class='ocrx_word' id='word_1_204' title='bbox 1279 2440 1567 2507; x_wconf 77' lang='lat' dir='ltr'><strong>columnaS,</strong></span> 
     </span>
     <span class='ocr_line' id='line_1_34' title="bbox 195 2513 1711 2583; baseline 0.003 -16"><span class='ocrx_word' id='word_1_205' title='bbox 195 2513 585 2583; x_wconf 85' lang='lat' dir='ltr'><strong>Laudaturque</strong></span> <span class='ocrx_word' id='word_1_206' title='bbox 621 2515 814 2570; x_wconf 83' lang='lat' dir='ltr'><strong>domus</strong></span> <span class='ocrx_word' id='word_1_207' title='bbox 849 2515 1036 2582; x_wconf 87' lang='lat' dir='ltr'><strong>longos</strong></span> <span class='ocrx_word' id='word_1_208' title='bbox 1072 2531 1212 2583; x_wconf 88' lang='lat' dir='ltr'><strong>quae</strong></span> <span class='ocrx_word' id='word_1_209' title='bbox 1247 2516 1508 2583; x_wconf 89' lang='lat' dir='ltr'><strong>prospicit</strong></span> <span class='ocrx_word' id='word_1_210' title='bbox 1541 2532 1711 2583; x_wconf 77' lang='lat' dir='ltr'><strong>agros,</strong></span> 
     </span>
     <span class='ocr_line' id='line_1_35' title="bbox 195 2590 1656 2659; baseline 0.001 -16"><span class='ocrx_word' id='word_1_211' title='bbox 195 2590 465 2644; x_wconf 87' lang='lat' dir='ltr'><strong>Naturam</strong></span> <span class='ocrx_word' id='word_1_212' title='bbox 502 2590 743 2659; x_wconf 83' lang='lat' dir='ltr'><strong>expellas</strong></span> <span class='ocrx_word' id='word_1_213' title='bbox 778 2591 932 2643; x_wconf 85' lang='lat' dir='ltr'><strong>furca</strong></span> <span class='ocrx_word' id='word_1_214' title='bbox 966 2594 1153 2643; x_wconf 85' lang='lat' dir='ltr'><strong>tamen</strong></span> <span class='ocrx_word' id='word_1_215' title='bbox 1188 2607 1363 2658; x_wconf 86' lang='lat' dir='ltr'><strong>usque</strong></span> <span class='ocrx_word' id='word_1_216' title='bbox 1397 2595 1656 2657; x_wconf 87' lang='lat' dir='ltr'><strong>recurret,</strong></span> 
     </span>
    </p>

    <p class='ocr_par' dir='ltr' id='par_1_23' title="bbox 197 2665 1893 2809">
     <span class='ocr_line' id='line_1_36' title="bbox 197 2665 1893 2735; baseline 0.002 -16"><span class='ocrx_word' id='word_1_217' title='bbox 197 2665 267 2719; x_wconf 86' lang='lat' dir='ltr'><strong>Et</strong></span> <span class='ocrx_word' id='word_1_218' title='bbox 300 2666 446 2719; x_wconf 85' lang='lat' dir='ltr'><strong>mala</strong></span> <span class='ocrx_word' id='word_1_219' title='bbox 479 2669 803 2735; x_wconf 87' lang='lat' dir='ltr'><strong>perrumpet</strong></span> <span class='ocrx_word' id='word_1_220' title='bbox 838 2665 1027 2718; x_wconf 86' lang='lat' dir='ltr'><strong>furtim</strong></span> <span class='ocrx_word' id='word_1_221' title='bbox 1067 2665 1289 2719; x_wconf 84' lang='lat' dir='ltr'><strong>fastidia</strong></span> <span class='ocrx_word' id='word_1_222' title='bbox 1324 2666 1534 2721; x_wconf 80' lang='lat' dir='ltr'><strong>victrix,</strong></span> <span class='ocrx_word' id='word_1_223' title='bbox 1849 2684 1893 2722; x_wconf 74' lang='lat'><strong>25</strong></span> 
     </span>
     <span class='ocr_line' id='line_1_37' title="bbox 197 2740 1524 2809; baseline 0.002 -15"><span class='ocrx_word' id='word_1_224' title='bbox 197 2742 318 2794; x_wconf 89' lang='lat' dir='ltr'><strong>Non</strong></span> <span class='ocrx_word' id='word_1_225' title='bbox 355 2742 449 2809; x_wconf 91' lang='lat' dir='ltr'><strong>qui</strong></span> <span class='ocrx_word' id='word_1_226' title='bbox 487 2741 708 2794; x_wconf 82' lang='lat' dir='ltr'><strong>Sidonio</strong></span> <span class='ocrx_word' id='word_1_227' title='bbox 744 2740 1076 2794; x_wconf 83' lang='lat' dir='ltr'><strong>contendere</strong></span> <span class='ocrx_word' id='word_1_228' title='bbox 1114 2742 1340 2795; x_wconf 86' lang='lat' dir='ltr'><strong>callidus</strong></span> <span class='ocrx_word' id='word_1_229' title='bbox 1375 2747 1524 2796; x_wconf 92' lang='lat' dir='ltr'><strong>ostro</strong></span> 
     </span>
    </p>

    <p class='ocr_par' dir='ltr' id='par_1_24' title="bbox 199 2816 1497 2884">
     <span class='ocr_line' id='line_1_38' title="bbox 199 2816 1497 2884; baseline 0.002 -15"><span class='ocrx_word' id='word_1_230' title='bbox 199 2816 386 2870; x_wconf 87' lang='lat' dir='ltr'><strong>Nescit</strong></span> <span class='ocrx_word' id='word_1_231' title='bbox 424 2817 758 2882; x_wconf 86' lang='lat' dir='ltr'><strong>Aquinatem</strong></span> <span class='ocrx_word' id='word_1_232' title='bbox 793 2817 1040 2884; x_wconf 84' lang='lat' dir='ltr'><strong>potantia</strong></span> <span class='ocrx_word' id='word_1_233' title='bbox 1076 2816 1282 2871; x_wconf 86' lang='lat' dir='ltr'><strong>vellera</strong></span> <span class='ocrx_word' id='word_1_234' title='bbox 1314 2818 1497 2872; x_wconf 87' lang='lat' dir='ltr'><strong>fucum</strong></span> 
     </span>
    </p>

    <p class='ocr_par' dir='ltr' id='par_1_25' title="bbox 201 2891 1642 2961">
     <span class='ocr_line' id='line_1_39' title="bbox 201 2891 1642 2961; baseline 0.001 -16"><span class='ocrx_word' id='word_1_235' title='bbox 201 2891 411 2945; x_wconf 84' lang='lat' dir='ltr'><strong>Gertius</strong></span> <span class='ocrx_word' id='word_1_236' title='bbox 446 2892 674 2960; x_wconf 85' lang='lat' dir='ltr'><strong>accipiet</strong></span> <span class='ocrx_word' id='word_1_237' title='bbox 711 2892 969 2945; x_wconf 88' lang='lat' dir='ltr'><strong>damnum</strong></span> <span class='ocrx_word' id='word_1_238' title='bbox 1004 2893 1337 2961; x_wconf 86' lang='lat' dir='ltr'><strong>propiusque</strong></span> <span class='ocrx_word' id='word_1_239' title='bbox 1372 2894 1642 2957; x_wconf 79' lang='lat' dir='ltr'><strong>medulliS,</strong></span> 
     </span>
    </p>

    <p class='ocr_par' dir='ltr' id='par_1_26' title="bbox 203 2967 1666 3036">
     <span class='ocr_line' id='line_1_40' title="bbox 203 2967 1666 3036; baseline 0.003 -18"><span class='ocrx_word' id='word_1_240' title='bbox 203 2967 366 3029; x_wconf 80' lang='lat' dir='ltr'><strong>Quam</strong></span> <span class='ocrx_word' id='word_1_241' title='bbox 403 2967 498 3033; x_wconf 91' lang='lat' dir='ltr'><strong>qui</strong></span> <span class='ocrx_word' id='word_1_242' title='bbox 533 2983 640 3019; x_wconf 91' lang='lat' dir='ltr'><strong>non</strong></span> <span class='ocrx_word' id='word_1_243' title='bbox 675 2968 883 3035; x_wconf 86' lang='lat' dir='ltr'><strong>poterit</strong></span> <span class='ocrx_word' id='word_1_244' title='bbox 917 2984 1046 3021; x_wconf 88' lang='lat' dir='ltr'><strong>vero</strong></span> <span class='ocrx_word' id='word_1_245' title='bbox 1082 2968 1422 3036; x_wconf 84' lang='lat' dir='ltr'><strong>distinguere</strong></span> <span class='ocrx_word' id='word_1_246' title='bbox 1457 2970 1666 3023; x_wconf 82' lang='lat' dir='ltr'><strong>falsum.</strong></span> 
     </span>
    </p>

    <p class='ocr_par' dir='ltr' id='par_1_27' title="bbox 205 3040 1890 3111">
     <span class='ocr_line' id='line_1_41' title="bbox 205 3040 1890 3111; baseline 0.004 -19"><span class='ocrx_word' id='word_1_247' title='bbox 205 3042 367 3106; x_wconf 84' lang='lat' dir='ltr'><strong>Quem</strong></span> <span class='ocrx_word' id='word_1_248' title='bbox 402 3058 492 3093; x_wconf 89' lang='lat' dir='ltr'><strong>res</strong></span> <span class='ocrx_word' id='word_1_249' title='bbox 527 3041 651 3109; x_wconf 87' lang='lat' dir='ltr'><strong>plus</strong></span> <span class='ocrx_word' id='word_1_250' title='bbox 685 3040 853 3095; x_wconf 91' lang='lat' dir='ltr'><strong>nimio</strong></span> <span class='ocrx_word' id='word_1_251' title='bbox 889 3043 1233 3097; x_wconf 84' lang='lat' dir='ltr'><strong>delectavere</strong></span> <span class='ocrx_word' id='word_1_252' title='bbox 1270 3045 1553 3111; x_wconf 88' lang='lat' dir='ltr'><strong>secundae,</strong></span> <span class='ocrx_word' id='word_1_253' title='bbox 1846 3061 1890 3099; x_wconf 65' lang='lat' dir='ltr'><strong>s)</strong></span> 
     </span>
    </p>
   </div>
   <div class='ocr_carea' id='block_1_9' title="bbox 205 3115 1558 3237">
    <p class='ocr_par' dir='ltr' id='par_1_28' title="bbox 205 3115 1558 3237">
     <span class='ocr_line' id='line_1_42' title="bbox 205 3115 1558 3237; baseline 0.004 -69"><span class='ocrx_word' id='word_1_254' title='bbox 205 3115 442 3237; x_wconf 53' lang='lat' dir='ltr'><strong>Mutaltpe</strong></span> <span class='ocrx_word' id='word_1_255' title='bbox 479 3117 745 3180; x_wconf 83' lang='lat' dir='ltr'><strong>quatient.</strong></span> <span class='ocrx_word' id='word_1_256' title='bbox 819 3118 875 3170; x_wconf 85' lang='lat' dir='ltr'><strong>Si</strong></span> <span class='ocrx_word' id='word_1_257' title='bbox 913 3118 1047 3186; x_wconf 91' lang='lat' dir='ltr'><strong>quid</strong></span> <span class='ocrx_word' id='word_1_258' title='bbox 1081 3119 1355 3173; x_wconf 86' lang='lat' dir='ltr'><strong>mirabere</strong></span> <span class='ocrx_word' id='word_1_259' title='bbox 1388 3136 1558 3188; x_wconf 89' lang='lat' dir='ltr'><strong>pones</strong></span> 
     </span>
    </p>
   </div>
  </div>
 </body>
</html>
