2217 3559
779 102 1189 152 CARMINUM
1222 104 1266 151 1.
1305 106 1381 163 21,
1423 106 1500 153 22.
1934 84 1994 128 15

496 182 791 238 Conditum
827 183 952 249 levi,
991 183 1155 237 (latus
1190 184 1247 235 in
1283 183 1501 236 theatro

566 259 703 311 Cum
740 258 842 312 tibi
878 260 1112 325 plausuS,

494 335 636 388 Care
673 335 961 387 Maecenas
997 350 1182 401 eques,
1219 337 1282 386 ut
1316 333 1532 402 paterni

498 410 765 464 Fluminis
797 411 950 479 ripae
987 411 1146 463 simul
1184 413 1242 463 et
1269 409 1457 478 jocosa
1517 463 1522 466 .

500 484 783 538 Redderet
817 485 1006 537 laudes
1042 484 1144 537 tibi
1182 485 1433 537 Vaticani

566 560 774 613 Montis
807 560 1001 626 imago,

500 633 809 688 Caecubum
845 640 903 689 et
936 636 1090 702 prelo
1128 633 1392 687 domitam
1430 634 1631 689 Caleno

498 710 582 762 'Pu
615 711 774 765 bibes
807 728 995 764 uvam:
1031 727 1154 763 inea
1190 726 1290 763 nec
1328 709 1593 764 Falernae
1953 722 1970 753 ⁰

498 784 828 852 Temperant
861 786 1002 838 vites
1037 802 1215 853 neque
1255 786 1530 839 Formiani

569 859 771 913 Pocula
806 860 981 913 colles.

1067 1002 1225 1057 XXI.

501 1083 741 1138 Durum
776 1087 999 1138 tenerae
1036 1084 1203 1137 dicite
1237 1085 1488 1152 virgines,

503 1161 803 1225 Intonsu1n‚
839 1160 1012 1227 pueri,
1049 1159 1217 1212 dicite
1256 1161 1543 1228 Cynthium

571 1235 943 1302 Latonamque
978 1251 1232 1301 supremo

640 1312 910 1364 Dilectam
946 1310 1167 1378 penitus
1203 1309 1241 1362 J
1245 1309 1346 1363 ovi.

505 1385 618 1437 Vos
652 1385 851 1438 laetam
886 1384 1064 1437 fluviis
1100 1388 1160 1437 et
1193 1401 1477 1437 nemorum
1513 1402 1679 1451 coma,

505 1459 870 1527 Quaecunque
905 1462 1001 1511 aut
1034 1459 1218 1526 gelido
1252 1460 1527 1527 prominet
1564 1458 1764 1526 Algido

572 1535 759 1601 Nigris
793 1538 890 1587 aut
926 1534 1243 1602 Erymanthi

641 1611 802 1664 Silvis
836 1614 932 1663 aut
964 1610 1154 1663 viridis
1193 1610 1383 1677 Cragi;

508 1686 620 1739 Vos
656 1686 857 1753 Tempe
892 1685 1125 1739 totidem
1161 1686 1338 1741 tollite
1373 1685 1626 1738 laudibus

510 1762 555 1815 N
565 1762 888 1829 atalemque‚
926 1778 1119 1827 mareS‚
1158 1762 1333 1814 Delon
1371 1761 1652 1829 ApolliniS,
1951 1777 1997 1814 ω

577 1839 966 1905 Insigneinque
1000 1838 1261 1904 pharetra

645 1914 1020 1981 Fraternaque
1055 1914 1342 1966 humerum
1376 1913 1505 1981 lyra.

508 1989 617 2042 Hic
651 1989 860 2042 bellum
894 1989 1252 2056 lacrimosum,
1288 1989 1375 2042 hic
1409 1989 1661 2042 miseram
1698 1990 1895 2041 famem

509 2065 837 2133 Pestemque
870 2082 904 2118 a
938 2065 1136 2132 populo
1172 2068 1230 2117 et
1264 2065 1508 2132 principe
1546 2065 1777 2118 Caesare
1812 2062 1868 2115 in
1974 2114 1980 2120 .

575 2141 770 2193 Persas
803 2144 971 2208 atque
1010 2139 1301 2193 Britannos
1955 2153 1999 2192 ιε

643 2216 846 2269 Vestra
880 2218 1060 2268 motus
1095 2219 1222 2283 aget
1255 2233 1428 2285 prece.

1056 2361 1248 2414 XXII.

510 2446 762 2500 Inrnossu
796 2446 942 2498 vitae
978 2444 1308 2512 scelerisque
1343 2461 1511 2512 purus

506 2522 556 2574 N
561 2540 628 2574 on
664 2526 794 2591 eget
831 2520 1041 2574 Mauris
1068 2520 1267 2587 jaculis
1302 2537 1481 2588 neque
1517 2536 1642 2575 arcu

507 2597 622 2650 Nec
657 2597 938 2650 venenatis
973 2596 1201 2663 gravida
1236 2597 1465 2664 sagittiS,

573 2672 760 2739 Fusce,
797 2672 1070 2740 pharetra,

504 2747 629 2800 Sive
664 2764 764 2815 per
800 2747 989 2814 Syrtes
1024 2747 1133 2799 iter
1166 2749 1446 2800 aestuosas

502 2821 628 2875 Sive
662 2823 904 2876 facturus
939 2838 1041 2889 per
1075 2823 1455 2891 inhospitalem

502 2896 799 2951 Caucasum
836 2897 920 2950 vel
956 2914 1096 2965 quae
1135 2898 1251 2951 loca
1286 2899 1562 2953 fabulosus

572 2973 792 3026 Lambit
832 2973 1139 3040 Hydaspes,

498 3046 752 3118 Namque
789 3064 876 3101 me
913 3048 1048 3100 silva
1082 3049 1244 3116 lupus
1278 3048 1336 3101 in
1372 3049 1587 3115 Sabina,

500 3122 645 3176 Dum
683 3141 860 3176 meam
898 3127 1057 3176 canto
1102 3124 1337 3191 Lalagen
1374 3129 1431 3178 et
1467 3127 1612 3178 ultra
1959 3133 2000 3172 10
