2217 3559
15 251 76 282 Ἃ

15 1785 24 1822 -ιι

774 111 1207 161 SATIRARUM
1241 111 1318 161 11.
1357 115 1402 163 3.
1852 112 1942 160 143

202 189 386 247 Illud
422 193 570 248 idem
600 192 659 246 in
695 192 948 260 rapidum
984 192 1187 246 flumen
1216 193 1498 261 jacerctve
1534 194 1803 251 cloacam?

208 267 426 331 Quinti
464 268 749 338 progenies
788 270 935 336 Arri,
971 286 1074 338 par
1106 269 1289 323 nobile
1324 270 1572 338 fratrum,

208 343 501 411 Nequitia
536 350 594 398 et
628 345 787 412 nugis
821 361 1114 413 pravorum
1151 349 1210 399 et
1245 362 1428 399 amore
1463 346 1769 414 gemellum,

212 419 516 473 Luscinias
553 420 699 475 soliti
733 421 980 488 impenso
1015 421 1288 489 prandere
1324 425 1613 490 coemptas,
1869 435 1939 475 ‘³45

215 497 510 560 Quorsum
546 496 779 550 abeant?
817 497 982 549 Sanin
1018 501 1184 564 creta,
1220 514 1289 550 an
1325 497 1560 551 carbone
1593 497 1850 553 notandi?

218 571 551 626 Aedificare
586 589 753 639 casas,
789 572 1041 640 plostello
1076 573 1376 641 adjungere
1412 590 1611 641 mures»,

221 646 457 701 Ludere
490 665 591 717 par
624 649 815 716 impar,
853 648 1100 715 equitare
1138 649 1194 700 iu
1230 648 1495 702 arundine
1532 649 1707 717 longa,

218 722 287 775 Si
326 741 491 791 quem
529 724 768 777 delectet
803 723 1094 777 barbatum
1131 725 1369 777 amentia
1403 728 1601 778 verset.

218 799 288 851 Si
326 799 590 867 puerilius
625 799 709 852 his
747 800 886 853 ratio
922 816 1042 852 esse
1078 800 1291 853 evincet
1326 816 1522 866 amare,
1868 816 1937 853 ⁰250

222 876 281 929 N
286 892 350 929 ec
387 876 686 944 quidquam
724 875 945 930 differre
981 880 1240 929 utrumne
1274 877 1332 928 in
1372 876 1599 944 pulvere
1634 877 1832 930 trimus

222 951 406 1015 Quale
442 953 591 1020 prius
627 951 785 1005 ludas
820 968 970 1019 opus,
1008 967 1078 1003 an
1115 952 1417 1004 meretricis
1453 968 1637 1005 amore

222 1028 508 1082 Sollicitus
542 1028 740 1097 plores,
779 1043 982 1096 quaero
1015 1027 1253 1080 faciasne
1290 1026 1437 1095 quod
1473 1027 1602 1080 olim

222 1104 485 1157 Mutatus
523 1104 809 1157 Polemon?
843 1119 1014 1171 ponas
1047 1102 1283 1170 iusignia
1318 1103 1510 1170 morbi,

224 1179 521 1246 Fasciolas,
557 1178 776 1245 cubital,
811 1178 1016 1245 focalia,
1053 1182 1218 1246 potus
1253 1182 1317 1231 ut
1350 1178 1444 1232 ille
1868 1193 1939 1232 ‘255

222 1254 449 1308 Dicitur
484 1272 554 1308 ex
589 1255 726 1309 collo
762 1254 953 1307 furtim
991 1255 1258 1322 carpsisse
1296 1270 1521 1307 coronas

224 1331 531 1398 Postquam
567 1335 654 1384 est
687 1330 948 1397 impransi
984 1334 1268 1397 correptus
1304 1347 1432 1383 voce
1467 1330 1750 1398 magistri?

223 1406 475 1474 Porrigis
510 1407 649 1459 irato
683 1422 856 1474 puero
890 1422 1012 1458 cum
1047 1422 1211 1473 poma
1245 1409 1485 1460 recusat:

222 1482 414 1547 Sume,
452 1482 671 1537 catelle!
712 1485 906 1549 negat;
944 1482 989 1534 si
1026 1498 1135 1534 non
1175 1482 1274 1536 des
1309 1486 1490 1551 optet:
1527 1486 1741 1537 amator

222 1559 499 1612 Exclusus
533 1559 625 1627 qui
664 1558 838 1611 distat
874 1558 991 1625 agit
1024 1558 1122 1610 ubi
1159 1574 1342 1611 secum
1378 1562 1469 1612 eat
1502 1575 1573 1612 an
1608 1576 1719 1612 non
1871 1577 1940 1612 κω

225 1633 355 1698 Quo
389 1635 666 1688 rediturus
703 1637 824 1687 erat
858 1650 965 1686 nou
1001 1635 1306 1695 arcessitus,
1343 1638 1402 1688 et
1435 1635 1628 1688 haeret

224 1710 434 1763 Invisis
466 1710 703 1763 foribus?
740 1709 816 1761 ‘N
822 1725 883 1762 ec
919 1726 1063 1761 nunc
1097 1726 1221 1762 cum
1258 1726 1347 1763 me
1383 1715 1540 1764 vocat
1572 1711 1719 1765 ultro

222 1786 542 1840 Accedam?
581 1803 650 1838 an
686 1785 870 1853 potius
904 1785 1143 1837 mediter
1179 1785 1337 1839 finire
1374 1786 1623 1841 dolores?

222 1861 509 1926 Exclusit3
544 1865 790 1915 revocat:
827 1860 1085 1913 redeam2
1160 1860 1211 1912 N
1216 1876 1288 1913 on
1325 1860 1372 1913 si
1406 1860 1684 1916 obsecret?
1757 1863 1898 1916 Ecce

223 1937 434 1992 Servus
469 1953 575 1989 non
611 1936 772 2005 paulo
809 1937 1135 2003 sapientior:
1210 1935 1280 1988 ‘O
1318 1936 1465 2004 here,
1504 1953 1645 2005 quae
1680 1955 1771 1991 res
1863 1956 1934 1994 255

222 2014 279 2068 N
285 2030 351 2067 ec
385 2013 608 2066 modum
642 2011 811 2065 habet
844 2028 1025 2081 neque
1060 2012 1342 2065 consilium
1377 2014 1587 2066 ratione
1622 2014 1894 2082 modoque

223 2091 477 2144 Tractari
511 2106 619 2142 non
654 2088 787 2143 vult.
860 2088 928 2140 In
964 2104 1148 2140 amore
1185 2088 1318 2142 haec
1347 2092 1475 2143 sunt
1507 2091 1665 2156 mala,
1694 2089 1916 2159 bellum,

224 2167 348 2220 Pax
385 2181 628 2219 rursum:
665 2164 798 2217 haee
835 2165 880 2216 si
917 2164 1041 2230 quis
1076 2166 1421 2231 tempestatis
1455 2182 1625 2234 prope
1660 2166 1768 2220 ritu

224 2242 460 2297 Mobilia
496 2244 557 2295 et
590 2256 751 2293 caeca
787 2239 1058 2293 fluitantia
1095 2246 1242 2293 sorte
1283 2240 1497 2294 laboret

225 2318 493 2372 Reddere
528 2320 680 2370 certa
716 2314 834 2379 sibi,
874 2314 1041 2366 nihilo
1076 2315 1202 2384 plus
1239 2316 1476 2383 explicet
1509 2332 1573 2370 ac
1608 2317 1654 2371 si
1864 2335 1935 2375 270

225 2394 481 2448 Insanire
514 2396 674 2462 paret
709 2395 862 2444 certa
898 2392 1115 2443 ratione
1150 2391 1448 2459 modoque.²

224 2470 391 2536 Quid,
429 2486 552 2522 cum
591 2467 805 2520 Picenis
841 2483 1139 2535 excerpens
1176 2468 1381 2520 semina
1415 2468 1590 2536 pomis

224 2546 453 2601 Gaudes
489 2545 535 2597 si
571 2559 842 2597 cameram
877 2543 1121 2611 percusti
1156 2543 1313 2608 forte,
1352 2560 1521 2611 penes
1554 2550 1613 2598 te
1636 2549 1731 2601 es?

225 2622 391 2689 Quid,
429 2638 549 2674 cum
588 2619 751 2672 balba
785 2619 917 2672 feris
953 2634 1156 2672 annoso
1190 2619 1359 2672 verba
1393 2620 1588 2688 palate,

224 2698 579 2753 Aedificante
616 2711 770 2748 casas
806 2695 899 2761 qui
936 2694 1150 2748 saniori
1225 2693 1390 2748 Adde
1425 2712 1671 2750 cruorem
1861 2717 1930 2755 275

224 2773 512 2830 stultitiae
539 2775 706 2838 atque
731 2771 914 2838 ignem
942 2769 1126 2837 gladio
1151 2774 1408 2824 scrutare.
1481 2770 1664 2840 Mede,
1691 2773 1927 2844 inquam,

226 2849 466 2904 Hellade
502 2862 761 2915 percussa
794 2845 1005 2898 Marius
1039 2862 1163 2898 cum
1197 2846 1525 2914 praecipitat
1560 2864 1619 2901 se

223 2925 479 2981 Cei-ritus
512 2923 634 2990 fuit,
671 2939 740 2975 an
776 2924 1077 2975 commotae
1115 2921 1339 2978 crimine
1375 2924 1576 2976 mentis

225 3000 500 3057 Absolves
534 2998 810 3051 hominem
846 3002 904 3051 et
940 2997 1158 3050 sceleris
1195 2997 1477 3050 damnabis
1514 3000 1765 3071 eundem,

223 3078 310 3130 Ex
345 3092 498 3129 more
533 3075 821 3142 imponens
856 3077 1086 3140 cognata
1122 3073 1383 3126 vocabula
1416 3073 1616 3131 rebus?
1858 3094 1927 3133 28)

223 3151 543 3209 Libertinus
577 3154 712 3218 erat,
751 3149 843 3220 qui
880 3150 1082 3203 circum
1119 3149 1356 3220 compita
1390 3149 1565 3208 siccus
