2217 3559
177 105 269 155 150
725 100 1030 151 HORATII
1061 104 1156 155 FL
1166 104 1297 155 Ace

177 185 271 238 Ad
305 182 513 237 caelum
548 180 798 234 manibus
834 181 1064 235 sublatis
1098 181 1319 247 dixerit,
1356 194 1508 248 urge,

177 260 526 313 Crescentem
563 256 794 310 tumidis
828 256 957 310 infla
991 255 1332 310 sermonibus
1366 261 1564 310 utrem.

178 336 316 388 Cum
351 338 410 387 te
446 333 669 387 servitio
704 333 865 401 longo
899 350 1137 401 curaque
1172 332 1383 399 levarit,

177 411 251 464 Et
284 413 495 464 certum
530 409 773 475 vigilans,
813 409 1086 472 Quinum
1121 424 1206 462 srr
1239 422 1437 461 rimus
1472 408 1711 475 Umns,
1825 422 1912 462 loo

178 485 452 552 Audieris,
487 499 698 538 nunus:
735 486 749 511 ‘
767 484 911 551 Ergo
945 500 1091 536 nunc
1128 483 1306 536 Dama
1342 484 1545 536 sodalis

177 562 461 629 Nusquam
486 564 571 613 est
590 562 609 613 2
658 559 822 613 Unde
846 560 976 612 mihi
1001 563 1117 612 tam
1139 559 1340 612 fortem
1364 563 1591 627 tamque
1610 559 1841 614 fidelem
1861 559 1908 613 ‘3’

178 636 384 705 Sparge
420 634 667 701 subinde,
705 637 777 703 et,
813 636 860 688 si
894 634 1118 703 paulum
1153 638 1326 702 potes,
1363 634 1722 690 illacrimare:
1761 640 1857 688 est

179 712 390 764 Gaudia
424 710 748 779 prodentem
785 711 996 764 vultum
1031 710 1225 764 celare.
1301 710 1625 778 Sepulcrum

179 786 774 841 Permissum.arbitrio
811 788 926 840 sine
964 786 1218 839 sordibus
1254 791 1513 852 exstrue3
1548 787 1716 839 sunus
1833 803 1909 841 ωε

178 861 411 930 Egregie
445 862 649 914 factum
686 861 875 914 laudet
910 862 1122 916 vicinia.
1194 862 1253 916 Si
1291 863 1415 932 quis

179 938 345 990 Forte
381 937 710 989 coheredum
748 937 929 990 senior
964 938 1107 990 male
1142 939 1357 1004 tussiet‚
1393 938 1522 992 huic
1556 942 1619 992 tu

178 1012 295 1079 Dic,
332 1029 401 1065 ex
435 1016 593 1080 parte
629 1015 726 1064 tua
760 1027 859 1064 seu
893 1012 1051 1065 fundi
1089 1012 1203 1066 sive
1239 1013 1435 1066 domus
1472 1015 1546 1067 sit

178 1088 420 1156 Emptor,
454 1087 785 1155 gaudentem
821 1104 1044 1140 nurnmo
1080 1092 1140 1140 te
1175 1088 1448 1143 addicere.
1521 1090 1632 1143 Sed
1670 1109 1764 1143 me

179 1163 481 1232 Imperiosa
517 1162 689 1215 trahit
728 1163 1082 1231 Proserpina3
1117 1163 1238 1217 vive
1275 1155 1547 1233 valeque?
1834 1182 1906 1219 120

978 1306 1081 1360 VI.

178 1387 302 1439 Hoc
337 1390 457 1440 erat
489 1387 547 1440 in
581 1387 751 1440 votis:
788 1387 982 1439 modus
1018 1387 1137 1453 agri
1173 1403 1281 1440 non
1316 1388 1396 1442 ita
1432 1407 1676 1461 magnus,

179 1461 391 1514 Hortus
426 1462 521 1515 ubi
558 1466 617 1515 et
652 1465 801 1515 tecto
838 1463 1044 1514 vicinus
1071 1463 1225 1529 jugis
1260 1480 1434 1531 aquae
1471 1466 1591 1519 fons

177 1537 251 1590 Et
282 1538 503 1605 paulum
540 1538 706 1590 silvae
742 1553 907 1604 super
942 1537 1042 1589 his‘
1061 1538 1219 1591 foret.
1293 1542 1528 1594 Auctius
1564 1546 1732 1610 atque

177 1610 250 1664 Di
285 1613 477 1665 melius
509 1612 703 1666 fecere.
777 1612 929 1666 Bene
967 1616 1065 1666 est.
1138 1614 1232 1666 Nil
1268 1616 1501 1682 amplius
1535 1634 1645 1682 ore,

176 1687 324 1741 Maia
357 1693 501 1755 nate,
536 1688 642 1741 nisi
676 1691 742 1741 ut
775 1689 997 1756 propria
1030 1688 1167 1743 haec
1202 1691 1334 1742 mihi
1376 1708 1605 1746 munera
1638 1693 1793 1746 faxis.
1867 1713 1900 1750 5

177 1764 237 1816 Si
271 1780 450 1832 neque
486 1762 750 1830 majorem
788 1763 890 1816 feci
925 1764 1139 1818 ratione
1175 1766 1317 1817 mala
1352 1761 1472 1820 rem

176 1838 228 1891 N
231 1855 294 1892 ec
328 1855 447 1891 sum
482 1839 724 1893 facturus
759 1839 894 1892 vitio
930 1839 1155 1906 culpave
1189 1842 1484 1907 minorem3

177 1914 236 1967 Si
271 1930 502 1967 veneror
536 1915 738 1968 stultus
773 1915 911 1968 nihil
946 1915 1167 1969 horum:
1206 1916 1221 1941 ‘
1237 1916 1283 1968 Ο
1322 1917 1368 1969 si
1403 1919 1634 1987 angulus
1667 1921 1763 1975 ille

178 1989 466 2042 Proximus
501 1990 727 2043 accedat
763 1991 859 2057 qui
895 2007 1038 2043 nunc
1078 1991 1367 2045 denormat
1403 1996 1673 2061 agellum!

177 2064 224 2116 Ο
262 2066 308 2117 si
343 2081 535 2118 urnam
570 2066 786 2133 argenti
820 2066 933 2120 fors
968 2082 1109 2133 quae
1144 2068 1279 2119 mihi
1314 2073 1600 2139 monstret,
1623 2079 1687 2124 ut
1723 2072 1801 2124 illi
1844 2089 1892 2129 lo

176 2140 449 2194 'Thesauro
484 2141 703 2194 invento
740 2142 836 2208 qui
871 2142 1241 2195 mercenarius
1276 2160 1469 2211 agrum

176 2215 341 2269 Illum
373 2216 552 2284 ipsum
588 2221 861 2271 mercatus
895 2217 1084 2284 aravit,
1124 2218 1277 2272 dives
1312 2220 1487 2274 amico

177 2292 416 2344 Hercule
437 2292 466 2345 1'
491 2292 534 2343 si
562 2291 709 2360 quod
733 2292 893 2346 adest
915 2297 1134 2360 gratum
1153 2294 1331 2362 juvat,
1356 2296 1459 2349 hac
1481 2314 1647 2365 prece
1673 2302 1733 2352 te
1758 2317 1885 2355 orot

175 2366 385 2434 Pingue
421 2384 585 2436 pecus
620 2368 839 2421 domino
872 2368 1040 2421 facias
1074 2373 1133 2422 et
1168 2373 1352 2424 cetera
1384 2377 1609 2440 praeter

175 2442 475 2509 Ingenium,
501 2446 672 2511 utque
710 2444 854 2496 soles
886 2448 1069 2497 custos
1105 2445 1237 2497 mihi
1272 2448 1540 2500 maximus
1574 2448 1737 2503 adsis.
1843 2467 1887 2505 ιε

172 2517 318 2585 Ergo
352 2518 448 2571 ubi
483 2534 572 2571 me
607 2520 663 2571 in
699 2522 912 2572 montes
946 2522 1005 2572 et
1038 2519 1096 2571 in
1132 2536 1310 2573 arcem
1348 2539 1416 2575 ex
1452 2523 1592 2577 urbe
1628 2527 1857 2593 removi,

172 2592 317 2656 Quid
351 2594 502 2661 prius
537 2593 808 2647 illustrem
844 2594 1027 2647 satiris
1063 2611 1326 2663 musaque
1360 2598 1639 2665 pedestri?

168 2668 222 2721 N
225 2684 288 2722 eo
322 2669 465 2721 mala
499 2686 587 2721 me
623 2668 851 2722 ambitio
883 2669 1072 2737 perdit
1105 2687 1210 2724 nec
1242 2671 1530 2739 plumbeus
1568 2675 1779 2730 Auster

169 2746 624 2811 Auctumnusque
657 2745 853 2811 gravis,
893 2744 1168 2802 Libitinae
1205 2753 1467 2815 quaestus
1501 2750 1741 2804 acerbae.

164 2819 440 2874 Matutine
475 2824 647 2888 pater,
685 2837 782 2873 seu
818 2820 855 2872 J
859 2837 962 2873 ane
998 2820 1260 2876 libentius
1293 2824 1468 2891 audiS,
1830 2844 1880 2881 ει)

163 2895 329 2949 Unde
364 2896 612 2949 homines
649 2912 872 2961 eperum
906 2895 1114 2963 primos
1149 2898 1405 2966 vitaeque
1439 2900 1655 2955 labores

163 2970 489 3035 Instituunt,
528 2970 606 3021 sic
640 2969 724 3021 dis
759 2970 1033 3036 placitum,
1069 2974 1135 3023 tu
1170 2976 1425 3026 carminis
1459 2980 1579 3029 esto

164 3044 514 3112 Principium.
589 3043 794 3095 Romae
829 3060 1142 3110 sponsorem
1179 3063 1268 3100 me
1310 3050 1471 3118 rapis.
1543 3051 1661 3119 Eja‚

158 3118 205 3171 N
214 3136 244 3171 e
282 3122 430 3189 prior
469 3117 640 3171 officio
678 3117 964 3187 quisquam
1001 3121 1347 3190 respondeat,
1384 3141 1535 3196 urge.
