2217 3559
270 84 360 131 133
817 80 1131 131 HORATII
1164 82 1426 133 FLACGI

269 164 552 216 Autumat.
627 160 780 215 Haec
803 162 1043 230 popuIOS,
1067 163 1201 216 haec
1225 181 1447 231 magnos
1469 161 1705 221 formula
1727 183 1903 237 reges
1950 181 2012 225 45

267 238 510 306 Excepto
547 238 791 304 sapiente
829 241 997 293 tenet.
1069 238 1121 291 Ν
1128 256 1232 292 unc
1267 240 1451 307 accipe
1489 258 1659 310 quare

267 314 553 382 Desipiant
588 330 774 367 omnes
812 330 983 382 aeque
1020 330 1084 367 ac
1119 318 1183 367 tu
1220 316 1314 383 qui
1350 316 1452 368 tibi
1488 333 1685 371 nomen

267 389 466 443 Insano
501 405 746 457 posuere.
821 389 990 442 Velut
1025 389 1175 443 silvis
1211 391 1305 442 ubi
1342 392 1544 459 passim

267 464 522 518 Palantes
558 482 710 517 orror
747 469 897 518 certo
933 465 1004 518 de
1040 467 1266 519 tramite
1302 467 1474 534 pellit,

266 539 369 595 Ille
394 542 780 605 sinistrorsum,
807 541 895 594 hic
920 541 1269 594 dextrorsum
1294 542 1439 596 abit:
1476 560 1615 597 unus
1637 545 1871 614 utrique
1939 561 1996 601 εο

265 618 445 684 Error,
484 617 583 670 sed
619 617 780 669 variis
815 617 1001 670 illudit
1035 617 1316 684 partibus;
1353 619 1455 672 hoc
1489 622 1547 671 te

265 693 442 747 Crede
478 692 639 745 modo
676 693 937 759 insanum,
976 693 1145 745 nihilo
1181 698 1246 746 ut
1282 696 1581 762 sapientior
1614 695 1708 749 ille

264 769 369 832 Qui
404 773 462 822 te
497 768 719 821 deridet
753 768 981 821 caudam
1018 768 1219 822 trahat.
1291 769 1394 823 Est
1427 787 1601 838 genus
1636 788 1809 826 unum

263 845 541 898 stultitiae
577 844 806 896 nihilum
842 844 1142 897 metuenda
1176 844 1438 912 timentis,
1475 850 1539 900 ut
1572 847 1742 915 igneS,

267 920 343 974 Ut
378 937 541 988 rupes
578 920 879 986 fluviosque
914 919 973 971 in
1009 935 1200 987 campo
1236 920 1454 974 obstare
1491 928 1786 990 queratur3
1936 941 1986 980 ω

264 995 519 1050 Alterum
557 999 613 1048 et
651 996 775 1047 huic
811 1011 1001 1048 varum
1038 999 1095 1048 et
1133 995 1301 1048 nihilo
1338 996 1638 1065 sapientius
1673 999 1833 1066 ignes

263 1071 374 1125 Per
407 1072 613 1124 medios
650 1070 953 1138 fluviosque
988 1071 1227 1124 ruentis:
1266 1071 1464 1125 clamet
1497 1073 1670 1126 amica

261 1146 456 1209 Mater,
496 1147 723 1199 honesta
760 1162 912 1198 soror
948 1162 1070 1198 cum
1107 1146 1365 1213 cognatis,
1402 1151 1576 1216 pater,
1613 1165 1778 1203 uxor:

262 1224 402 1276 ‘Hic
436 1224 578 1275 fossa
613 1225 699 1275 est
732 1221 940 1287 iugens-
977 1220 1064 1274 hic
1100 1238 1264 1289 rupes
1300 1222 1550 1289 maxima,
1587 1240 1743 1277 serva
1763 1225 1795 1278 !’

260 1298 384 1351 Non
422 1299 592 1365 magis
627 1297 867 1350 audierit
902 1314 1066 1364 quam
1104 1297 1294 1351 Fufius
1330 1298 1512 1351 ebrius
1547 1300 1691 1365 olim,
1926 1318 1974 1354 6]

261 1374 397 1428 Cum
438 1375 666 1427 Ilionam
703 1371 955 1438 edormit,
995 1370 1238 1426 Catienis
1273 1374 1422 1427 mille
1458 1374 1725 1441 ducentis,

258 1451 275 1476 ⁴
294 1450 489 1517 Mater,
526 1454 584 1503 to
619 1449 832 1517 appello
855 1450 883 1502 Γ
921 1448 1296 1503 clamantibus,
1372 1449 1517 1503 Huic
1553 1467 1653 1518 ego
1688 1451 1886 1519 vulgus

259 1526 445 1579 Errori
482 1525 711 1579 similem
748 1528 1001 1577 cunctum
1037 1525 1276 1577 insanire
1314 1524 1534 1578 docebo,

260 1602 475 1656 Insanit
510 1607 724 1655 veteres
760 1604 969 1653 statuas
1006 1599 1370 1668 Damasippus
1406 1601 1665 1656 emendo:

258 1677 488 1746 Integer
524 1682 609 1731 est
644 1676 841 1729 mentis
880 1675 1198 1743 Damasippi
1235 1675 1513 1730 creditor?
1587 1678 1751 1732 Esto!
1919 1695 1969 1734 6⁵

258 1754 463 1822 Accipe
500 1753 648 1822 quod
683 1767 961 1819 nunquam
999 1751 1203 1804 reddas
1240 1751 1386 1818 mihi,
1425 1752 1471 1804 si
1506 1752 1608 1805 tibi
1645 1753 1839 1821 dicam,

259 1829 409 1884 Tune
444 1830 662 1882 insanus
699 1828 808 1880 eris
843 1828 887 1879 si
925 1827 1237 1894 acceperis?
1274 1843 1343 1879 an
1381 1827 1552 1895 magis
1589 1845 1779 1882 excors

259 1905 487 1973 Rejecta
521 1904 726 1972 pracda
761 1918 924 1969 quam
960 1919 1219 1970 praesens
1258 1902 1564 1955 Mercurius
1598 1903 1745 1957 fert?

258 1981 474 2034 ‘Scribo
512 1980 703 2033 decem
741 1978 790 2030 N
798 1978 938 2042 eri03
973 1995 1080 2030 non
1118 1982 1203 2030 est
1240 1979 1400 2032 satis:
1437 1978 1582 2031 adde
1619 1979 1845 2033 Cicutae

257 2056 305 2110 N
313 2056 465 2110 odosi
500 2055 714 2108 tabulas
751 2057 984 2121 centum,
1020 2054 1168 2106 mille
1213 2054 1357 2106 adde
1391 2057 1636 2109 catenas:
1917 2072 1961 2110 7ο

257 2132 494 2200 Effugiet
530 2135 713 2183 tamen
748 2129 881 2182 haec
917 2128 1212 2182 sceleratus
1246 2130 1462 2182 vincula
1500 2130 1745 2184 Proteus.

256 2176 412 2261 Cumo
432 2206 610 2275 rapies
645 2206 700 2258 in
730 2204 825 2271 jus
860 2204 1017 2257 malis
1053 2205 1328 2257 ridentem
1363 2205 1568 2272 alienis,

257 2283 383 2337 Fiet
406 2299 553 2351 aper,
578 2281 740 2334 modo
764 2281 893 2347 avis²
918 2280 1080 2333 modo
1107 2297 1298 2333 saxum
1323 2285 1381 2334 et
1405 2298 1528 2334 cum
1551 2282 1699 2336 volet
1721 2282 1915 2336 arbor!

256 2360 313 2413 si
349 2360 488 2413 male
523 2375 640 2411 rem
674 2373 866 2425 gerere
900 2356 1072 2408 insani
1112 2361 1210 2423 est,
1248 2361 1438 2410 contra
1473 2357 1611 2411 bene
1645 2360 1779 2425 sani,

255 2434 508 2489 Putidius
543 2434 714 2486 multo
749 2430 1031 2485 cerebrum
1070 2436 1171 2498 est,
1209 2432 1342 2484 mihi
1378 2433 1554 2499 crede,
1594 2433 1795 2488 Perilli.
1914 2449 1958 2489 τῦ

254 2510 526 2564 Dictautis
562 2508 709 2578 quod
746 2512 809 2560 tu
843 2523 1124 2573 nunquam
1160 2507 1461 2562 rescribere
1495 2510 1683 2577 possis,

254 2588 469 2641 Audire
508 2592 674 2654 atque
709 2589 891 2651 togam
922 2582 1094 2650 jubeo
1132 2600 1468 2650 componere,
1507 2586 1754 2655 quisquis

255 2663 571 2717 Ambitione
608 2661 750 2713 mala
785 2663 882 2712 aut
917 2659 1134 2725 argenti
1169 2660 1341 2726 pallet
1376 2677 1574 2729 amore,

254 2738 510 2807 Quisquis
545 2735 761 2790 luxuria
795 2734 1012 2787 tristive
1053 2735 1442 2802 superstitione

258 2817 373 2868 Aut
406 2814 513 2867 alio
547 2812 747 2866 mentis
781 2810 971 2863 morbo
1007 2809 1181 2875 calet;
1215 2810 1320 2864 huc
1353 2812 1579 2880 propius
1616 2830 1722 2883 me,
1914 2831 1959 2870 8)

252 2890 397 2942 Dum
435 2889 603 2941 doceo
638 2887 878 2939 insanire
915 2902 1119 2952 omne3‚
1155 2902 1250 2938 vos
1287 2887 1481 2941 ordine
1519 2888 1684 2942 adite.

253 2964 549 3016 Dandaest
571 2959 836 3012 hellebori
865 2960 1038 3013 multo
1072 2978 1202 3028 pars
1238 2963 1476 3015 maxima
1512 2965 1718 3029 avaris3

253 3039 450 3091 Nescio
487 3053 556 3089 an
596 3035 914 3101 Anticyram
949 3036 1091 3087 ratio
1127 3036 1232 3087 illis
1270 3036 1513 3090 destinet
1549 3042 1781 3096 omnem.

253 3113 509 3166 Herodes
548 3109 763 3164 Staberi
790 3125 1055 3162 summam
1090 3111 1331 3163 incidere
1369 3113 1645 3181 sepulcro:

2135 249 2184 261 ,ρ

2115 1663 2195 1762 ,η’

2155 3231 2197 3446 ...ευρ
