2217 3559
243 86 273 134 5
802 86 1109 136 HORATII
1145 87 1404 138 FLACCI
1499 99 1508 110 ·

452 165 571 221 Nos
605 166 862 233 convivia,
900 183 999 219 nos
1036 169 1243 236 proelia
1276 171 1537 238 virginum

454 241 630 297 Sectis
664 242 721 294 in
749 241 984 309 juvenes
1019 244 1297 311 unguibus
1333 248 1536 299 acrium

455 316 753 373 Cantamus
789 318 957 386 vacui,
995 319 1109 372 sive
1146 320 1280 388 quid
1315 321 1527 375 urimur

522 392 575 447 N
580 409 650 446 on
683 396 905 460 praeter
941 393 1161 447 solitum
1198 396 1355 450 leves.
1922 415 1978 455 ‘20

1035 603 1168 659 VII.

248 691 610 745 LAunAnunr
643 690 735 746 alii
772 691 973 747 claram
1014 694 1245 747 Rhodon
1283 699 1380 750 aut
1416 696 1711 766 Mitylenen

318 769 437 820 Aut
473 767 726 835 Epheson
762 768 1055 823 bimarisve
1093 770 1343 824 Corinthi

249 842 469 896 Moenia
504 842 590 896 vel
629 843 843 897 Baccho
879 844 1095 898 Thebas
1132 845 1217 899 vel
1256 846 1511 915 Apolline
1547 847 1789 916 Delphos

318 916 568 985 Insignes
603 923 700 972 aut
737 919 995 973 Thessala
1032 921 1249 990 Tempe.

247 993 388 1047 Sunt
412 994 609 1061 quibus
634 1011 803 1047 uuum
828 1012 964 1063 opus
988 1001 1075 1050 est
1098 997 1340 1052 intactae
1368 997 1605 1052 Palladis
1627 998 1819 1052 urbem
1933 1014 1968 1056 ε

317 1069 571 1123 Carmine
606 1076 874 1139 perpetuo
911 1072 1191 1126 celebrare
1227 1079 1285 1128 et

247 1144 509 1214 Undique
547 1146 862 1215 decerptam
897 1147 1064 1200 fronti
1100 1166 1438 1217 praeponere
1474 1150 1685 1205 olivam.

317 1220 592 1274 Plurimus
629 1223 685 1274 in
721 1223 955 1276 Junonis
991 1223 1255 1277 honorem

248 1297 460 1365 Aptum
498 1297 644 1351 dicet
681 1298 834 1366 equis
872 1300 1054 1367 Argos
1089 1299 1344 1368 ditesque
1382 1302 1653 1369 Mycenas,

316 1372 411 1426 Me
446 1389 547 1426 nee
580 1377 695 1426 tam
729 1373 942 1441 patiens
980 1375 1354 1429 Lacedaemon
1503 1363 1627 1398 N*
1913 1394 1965 1435 ιο

246 1448 298 1501 N
304 1464 368 1501 ec
404 1452 517 1502 tam
554 1443 805 1503 Larissae
840 1451 1114 1518 percussit
1149 1468 1371 1520 campus
1407 1453 1636 1522 opimae,

316 1524 491 1588 Quam
528 1525 720 1579 domus
758 1526 1043 1579 Albuneae
1078 1528 1387 1580 resonantis

247 1599 321 1653 Et
354 1616 614 1669 praeceps
652 1600 794 1653 Anio
830 1618 894 1654 ac
931 1601 1157 1655 Tiburni
1192 1601 1345 1656 lucus
1381 1606 1438 1657 et
1474 1603 1585 1657 uda

316 1676 611 1729 Mobilibus
647 1677 892 1745 pomaria
927 1678 1072 1730 riviS.

249 1752 425 1806 Albus
460 1757 524 1806 ut
560 1752 787 1806 obscuro
825 1752 1080 1819 deterget
1115 1753 1304 1807 nubila
1339 1754 1489 1808 caelo
1912 1770 1957 1810 15

316 1828 491 1897 Saepe
527 1829 707 1882 Notus
740 1844 923 1895 neque
959 1830 1200 1895 parturit
1234 1829 1439 1884 imbres

247 1903 533 1973 Perpetuo,
571 1905 647 1957 sic
681 1909 746 1957 tu
782 1904 994 1971 sapiens
1031 1904 1189 1958 finire
1224 1909 1494 1959 memento

317 1981 619 2034 Tristitiam
656 1980 912 2047 vitaeque
947 1978 1162 2033 labores

246 2056 414 2124 Molli,
455 2057 668 2122 Plance,
705 2071 870 2121 mem,
910 2071 1006 2108 seu
1042 2060 1100 2109 te
1136 2057 1401 2124 fulgentia
1436 2058 1601 2126 signis

316 2134 511 2187 Castra
544 2135 740 2186 tenent
775 2147 874 2184 seu
909 2131 1079 2185 densa
1115 2134 1327 2186 tenebit
1897 2149 1942 2185 ε)

245 2208 462 2263 Tiburis
497 2207 691 2261 umbra
725 2207 822 2261 tui.
894 2207 1101 2261 Teucer
1139 2209 1414 2262 Salamina
1448 2213 1770 2278 patremque

316 2286 454 2339 Cum
490 2285 705 2351 fugeret
738 2286 924 2336 tamen
959 2284 1070 2336 uda
1107 2285 1285 2351 Lyaeo

246 2360 513 2428 Tempora
547 2359 778 2427 populea
812 2359 989 2412 fertur
1024 2360 1261 2413 vinxisse
1297 2377 1505 2429 corona,

315 2436 405 2490 Sic
440 2435 632 2489 tristes
667 2435 863 2488 affatus
897 2436 1129 2488 amicos:

246 2514 366 2578 Quo
400 2528 499 2565 nos
535 2528 746 2580 cunque
783 2512 923 2564 feret
958 2513 1152 2564 melior
1187 2513 1406 2566 fortuna
1439 2516 1667 2581 parente

317 2587 543 2655 IbimuS,
581 2605 614 2641 o
650 2588 777 2641 socii
812 2588 1161 2656 comitesque.

247 2664 341 2718 Nil
378 2664 780 2732 desperandum
816 2663 1022 2717 Teucro
1058 2665 1196 2717 duce
1233 2667 1292 2718 et
1328 2666 1545 2733 auspice
1582 2665 1823 2730 Teucro;

317 2741 514 2794 Certus
550 2740 695 2792 enim
729 2740 978 2807 promisit
1016 2740 1213 2805 Apollo
1375 2809 1381 2814 .

249 2816 579 2884 Ambiguam
615 2815 814 2868 tellure
849 2831 989 2867 nova
1027 2814 1299 2869 Salamina
1333 2816 1587 2872 futuram.

317 2892 363 2944 O
401 2893 571 2945 fort-es
606 2891 903 2959 pejoraque
937 2892 1081 2959 passi
1894 2911 1938 2952 3)

247 2967 465 3021 Mecum
503 2983 663 3032 saepe
698 2966 816 3033 viri,
851 2981 994 3019 nunc
1029 2967 1156 3018 vino
1191 2966 1378 3038 pellite
1414 2982 1601 3031 curas3

319 3043 453 3095 Cras
488 3042 678 3109 ingens
712 3040 1029 3094 iterabimus
1063 3055 1282 3106 aequor.
