2217 3559
187 105 280 151 134·
716 154 722 160 ,
744 97 1053 145 HORATII
1089 97 1350 146 FLACCI

183 180 294 233 Vix
329 184 514 234 tamen
553 176 783 245 eripiam
818 177 995 245 posito
1032 193 1244 245 pavone
1279 178 1415 231 velis
1450 179 1586 247 quin„

184 257 306 309 Hoc
341 256 522 323 potius
560 269 723 320 quam
757 252 957 320 gallina
994 257 1214 320 tergere
1251 254 1515 323 palatum,

184 331 486 399 Corruptus
522 329 674 382 vanis
710 345 907 394 rerum,
946 329 1074 396 quia
1111 333 1310 383 veneat
1344 345 1478 382 auro
1862 343 1915 384 25

184 405 331 460 Rara
364 406 478 459 avis
514 408 573 458 et
607 404 756 472 picta
790 403 998 471 pandat
1034 405 1345 471 spectacula
1381 405 1584 470 cauda3

183 483 481 551 Tamquam
506 481 577 533 ad
601 496 719 533 rem
744 480 978 534 attineat
1004 481 1320 549 quidquam.
1368 482 1517 533 Num
1536 483 1771 535 vesceris
1791 484 1917 536 ista

181 558 359 621 Quam
395 557 588 610 laudas
623 556 845 625 pluma?
920 555 1088 609 Cocto
1124 573 1255 609 num
1291 556 1451 610 adest
1486 557 1660 610 honor
1696 557 1900 611 idem?

183 635 359 688 Carne
394 638 579 687 tamen
616 630 864 698 quamvis
901 631 1072 685 distat
1106 632 1201 699 nil,
1235 632 1336 685 hac
1370 631 1546 700 magis
1582 632 1733 686 illam

184 709 493 778 Imparibus
529 708 716 760 formis
753 708 1044 774 deceptum
1078 711 1138 760 te
1172 711 1399 776 petere!
1477 708 1645 762 Esto:
1863 724 1914 762 30

182 785 346 839 Unde
383 786 573 838 datum
611 782 781 835 sentis
815 782 975 849 lupus
1012 783 1100 836 hic
1138 782 1425 837 Tiberinus
1460 800 1531 837 an
1567 783 1680 836 alto

183 861 388 929 Captus
424 861 555 924 hiet,
592 861 862 928 pontesne
896 857 1042 911 inter
1067 858 1313 925 jactatus
1349 876 1419 912 an
1457 859 1632 912 amnis

183 936 341 990 Ostia
377 936 479 989 sub
514 934 708 987 Tusci?
783 933 1014 999 Lauda8‚
1052 934 1257 1002 insane,
1293 934 1568 988 trilibrem

182 1012 416 1066 Mullum
447 1011 504 1063 in
538 1009 747 1077 singula
782 1025 945 1076 quem
978 1009 1191 1062 minuas
1221 1010 1505 1079 pulmenta
1537 1026 1762 1065 necesse
1796 1013 1905 1064 est.

182 1088 350 1141 Ducit
383 1091 441 1140 te
477 1086 683 1154 species
717 1084 908 1138 video:
947 1102 1053 1152 quo
1090 1086 1331 1153 pertinet
1367 1102 1497 1153 ergo
1853 1101 1904 1141 3³

185 1164 445 1217 Proceros
482 1161 662 1214 odisse
697 1161 886 1229 lupos?
961 1160 1102 1224 Quia
1138 1161 1344 1214 scilicet
1378 1161 1488 1213 illis

181 1237 451 1306 Majorem
487 1240 682 1289 natura
715 1235 937 1288 modum
974 1235 1146 1303 dedit,
1181 1235 1267 1288 his
1302 1236 1474 1290 breve
1510 1237 1737 1305 pondus,

182 1313 219 1366 ,J
226 1314 421 1380 ejunus
457 1330 579 1365 raro
616 1310 923 1364 stomachus
961 1310 1205 1378 vulgaria
1240 1313 1456 1366 temnit.

184 1390 543 1442 “Pori-ectum
580 1403 775 1453 magno
811 1402 1068 1452 magnum
1109 1390 1357 1453 spectare
1393 1387 1575 1442 catino

182 1464 442 1531 Vellem,''
467 1462 545 1515 ait
584 1460 842 1529 Harpyiis
877 1460 1007 1527 gula
1041 1460 1209 1527 digna
1243 1460 1546 1528 rapacibus.
1609 1462 1689 1513 At
1713 1477 1823 1526 vos
1850 1477 1903 1517 ιο

184 1540 510 1593 Praesentes
548 1538 755 1603 Austri,
782 1537 999 1603 coquite
1033 1536 1227 1588 horum
1250 1535 1899 1604 obsonia,—quamquam

184 1615 353 1670 Putet
387 1631 519 1683 aper
554 1612 920 1680 rhombusque
956 1628 1160 1677 recens,
1198 1610 1340 1664 mala
1375 1612 1531 1679 copia
1566 1611 1784 1680 quando

185 1696 430 1760 Aegrum
468 1690 720 1743 sollicitat
757 1688 1106 1753 stomachum,
1146 1704 1268 1739 cum
1302 1688 1494 1756 rapula
1529 1688 1722 1755 plenus

184 1768 372 1835 Atque
408 1765 590 1819 acidas
625 1763 831 1817 mavult
866 1763 1054 1816 inulas,
1129 1762 1382 1815 Necdum
1418 1764 1593 1815 omnis
1628 1762 1825 1815 abacta

185 1844 477 1911 Pauperies
513 1840 687 1909 epulis
722 1856 944 1907 regum3
979 1855 1105 1891 nam
1142 1837 1337 1890 vilibus
1373 1839 1488 1890 ovis
1848 1852 1902 1892 45

183 1920 232 1973 N
238 1920 478 1987 igi-isque
515 1920 601 1970 est
636 1915 771 1969 oleis
807 1914 970 1967 hodie
1004 1914 1168 1967 locus
1241 1913 1414 1972 Haud
1449 1913 1529 1966 ita
1561 1912 1776 1982 pridem

184 1995 396 2049 Galloni
429 1991 710 2061 praeconis
746 1995 866 2044 erat
900 1991 1215 2057 acipensere
1251 2006 1439 2042 mensa

184 2070 424 2123 Infamis.
497 2068 658 2133 Quid,
682 2069 811 2118 tunc
847 2064 1102 2118 rhombos
1139 2065 1315 2117 minus
1351 2079 1588 2130 aequora
1621 2062 1885 2117 alcbant2

183 2144 354 2199 Tutus
390 2146 509 2197 erat
544 2141 803 2194 rhombus
838 2144 1067 2207 tutoque
1105 2139 1308 2191 ciconia
1344 2138 1475 2190 nido

184 2223 370 2276 Donec
405 2236 501 2272 vos
536 2222 726 2272 auctor
761 2216 946 2270 docuit
982 2214 1303 2283 praetorius.
1377 2213 1522 2280 Ergo
1847 2239 1904 2275 ω

184 2299 242 2351 Si
279 2296 400 2365 quis
434 2311 577 2347 nunc
612 2309 826 2360 mergos
862 2307 1052 2344 suaves
1090 2290 1329 2343 edixerit
1367 2305 1533 2353 ass03‚

187 2372 410 2427 Parebit
446 2369 599 2439 pravi
636 2368 823 2421 docilis
861 2367 1105 2420 Romana
1134 2366 1413 2432 juventus,

185 2444 449 2503 'Sordidus
485 2462 520 2499 a
553 2443 706 2499 tenui
742 2443 890 2497 victu
926 2441 1170 2494 distabit,
1211 2440 1389 2493 Ofella

186 2526 220 2579 J
226 2525 419 2588 udice3
464 2538 591 2575 nam
624 2520 831 2573 frustra
866 2518 1057 2570 vitium
1093 2516 1352 2569 vitaveris
1386 2514 1523 2569 illud

185 2603 242 2656 Si
279 2606 337 2655 te
372 2600 478 2653 alio
515 2612 743 2667 pravum
780 2593 1090 2647 detorseris.
1163 2592 1482 2664 Avidionus,
1844 2602 1900 2643 55

186 2678 288 2732 Cui
325 2676 490 2730 Oanis
525 2690 597 2727 ex
630 2688 758 2726 vero
795 2670 1001 2723 dictum
1037 2684 1333 2734 cognomen
1370 2667 1647 2733 adhaeret,

187 2754 574 2820 Quinquennes
609 2748 754 2800 oleas
791 2750 876 2799 est
911 2748 969 2798 et
1006 2743 1277 2797 silvestria
1312 2759 1490 2809 corna,

188 2833 273 2884 Ac
307 2829 411 2881 nisi
446 2828 718 2879 mutatum
751 2821 927 2891 parcit
963 2820 1264 2875 defundere
1301 2821 1501 2883 vinum,
1536 2820 1596 2871 et

188 2904 358 2973 Cujus
392 2902 616 2956 odorem
652 2898 756 2952 olei
790 2912 1030 2966 nequeas
1065 2895 1324 2964 perferre,
1362 2893 1550 2947 licebit

190 2981 294 3035 Ille
330 2978 542 3045 repotia
576 2974 784 3027 natales
820 2972 1022 3024 aliosve
1057 2970 1272 3024 dierum
1848 2991 1896 3027 ω

189 3045 384 3100 Festos
420 3045 633 3097 albatus
669 3040 923 3106 celebret,
959 3055 1125 3091 cornu
1161 3039 1279 3105 ipso
1314 3036 1498 3089 bilibri

190 3121 449 3178 Caulibus
483 3117 730 3184 instillat,
766 3114 968 3170 veteris
1003 3129 1112 3167 non
1145 3128 1339 3185 parcus
1374 3111 1533 3166 aceti.

2143 3319 2201 3529 unu—Q
2150 3109 2201 3312 ’ἔμ-
