2217 3559
312 118 374 164 64

861 114 1169 164 HORATII
1207 116 1467 165 FLACCI

1054 262 1268 318 XXVI.

582 344 720 397 Vnn
753 344 949 411 puellis
984 361 1162 412 nuper
1197 344 1427 399 idoneus

583 420 657 473 Et
692 418 920 473 militavi
954 436 1062 472 non
1099 421 1217 474 sine
1255 421 1463 487 gloria3

650 495 702 548 N
706 512 810 548 unc
845 511 998 548 arma
1033 494 1465 563 defunctumque
1499 493 1647 548 bello

722 570 997 623 Barbiton-
1024 569 1113 623 hic
1147 570 1332 638 paries
1368 571 1610 635 habebit,

582 644 824 699 Laevum
861 646 1102 699 marinae
1140 646 1235 714 qui
1271 646 1507 699 Veneris
1542 647 1688 699 latus

584 721 856 775 Custodit.
929 722 1037 775 Hic
1071 721 1160 775 hic
1195 721 1383 790 ponite
1418 721 1599 774 lucida

654 797 881 851 Funalia
917 801 975 852 et
1009 802 1192 850 vectes
1227 801 1285 851 et
1319 814 1477 851 arcus

722 872 1000 941 Oppositis
1033 874 1242 926 foribus
1277 873 1528 926 minaces,

585 948 633 1001 Ο
673 965 816 1018 quac
850 950 1068 1003 beatam
1107 949 1235 1001 diva
1270 952 1430 1002 tenes
1467 948 1706 1016 Cyprum
1743 950 1804 999 et

584 1024 868 1093 Memphin
904 1028 1179 1078 carentem
1217 1024 1465 1078 Sithonia
1497 1025 1637 1091 nive,

653 1100 876 1167 Regina,
914 1101 1132 1154 sublimi
1169 1100 1380 1168 flagello

721 1177 904 1244 Tange
942 1177 1148 1230 Chloen
1185 1176 1354 1230 semel
1389 1178 1752 1242 arrogantem.

1028 1311 1278 1365 XXVII.

585 1393 781 1448 limos
815 1410 1010 1461 parrae
1046 1393 1343 1447 recinentis
1379 1409 1540 1446 omen

582 1470 761 1522 Ducat
797 1474 855 1522 et
888 1486 1191 1537 praegnans
1227 1470 1375 1522 canis
1411 1474 1508 1523 aut
1542 1470 1613 1522 ab
1648 1486 1783 1537 agro

585 1545 738 1598 Rara
773 1545 1066 1598 decurrens
1101 1546 1230 1612 lupa
1266 1544 1546 1598 Lanuvino

650 1621 893 1689 Fetaque
929 1622 1135 1690 vulpes

581 1696 822 1765 Rumpat
858 1700 915 1750 et
951 1713 1173 1764 serpeus
1211 1697 1318 1750 iter
1353 1696 1663 1749 institutum

580 1773 639 1826 Si
673 1790 774 1841 per
808 1772 1085 1841 obliquum
1124 1773 1314 1825 similis
1351 1773 1588 1839 sagittae

580 1848 800 1902 Terruit
835 1865 1088 1903 mannos:
1127 1866 1227 1916 ego
1262 1849 1348 1903 cui
1383 1849 1590 1902 timebo

649 1924 914 1978 Providus
947 1941 1169 1993 auspex,

580 2003 894 2068 Antequam
931 2003 1141 2054 stantes
1176 2003 1394 2068 repetat
1427 2000 1657 2068 paludes

580 2076 848 2129 Imbrium
884 2076 1068 2129 divina
1102 2076 1217 2129 avis
1252 2076 1647 2143 imminentum‚

577 2151 831 2205 Oscinem
866 2168 1085 2204 corvum
1121 2168 1283 2219 prece
1317 2151 1588 2205 suscitabo

647 2228 785 2281 Solis
821 2228 891 2281 ab
927 2232 1065 2280 ortu.

576 2303 662 2357 Sis
695 2303 824 2357 licet
858 2303 990 2357 felix
1026 2303 1334 2371 ubicunque
1369 2303 1556 2370 mavis,

578 2379 651 2432 Et
686 2396 894 2432 memor
929 2380 1118 2446 nostri,
1158 2379 1403 2446 Galatea,
1437 2380 1602 2447 vivas,

577 2455 761 2523 Teque
797 2472 898 2508 nec
933 2455 1118 2507 laevus
1154 2459 1309 2508 vetet
1344 2455 1425 2508 ire
1459 2455 1612 2522 picus

630 2531 681 2583 N
687 2547 748 2583 ec
785 2547 920 2598 vaga
954 2530 1155 2583 cornix.

576 2605 687 2659 Sed
722 2607 875 2659 vides
911 2611 1115 2674 quanto
1150 2606 1395 2674 trepidet
1431 2605 1666 2659 tumultu

577 2683 787 2735 Pronus
825 2682 1006 2735 Orion.
1079 2682 1195 2749 Ego
1233 2683 1367 2750 quid
1404 2682 1476 2734 sit
1511 2688 1633 2734 ater

577 2758 823 2811 Hadriae
860 2758 986 2810 novi
1025 2758 1176 2810 sinus
1213 2764 1272 2811 et
1308 2758 1442 2827 quid
1478 2757 1634 2810 albus

642 2835 840 2889 Peccet
877 2833 1064 2901 IapyX.

580 2911 839 2963 Hostium
874 2925 1073 2962 uxores
1107 2909 1372 2976 puerique
1407 2924 1594 2961 caecos

578 2986 830 3038 Sentiant
864 2987 1046 3036 motus
1081 2983 1308 3040 orientis
1346 2984 1539 3036 Austri
1577 2986 1636 3037 et

578 3059 849 3124 Aequoris
884 3057 1027 3123 nigri
1063 3057 1342 3110 fremitum
1379 3062 1438 3112 et
1471 3061 1772 3117 trementes

648 3132 890 3185 Verbere
927 3132 1086 3198 ripas,

1978 1038 2023 1077 lo

1964 2092 2007 2131 10

1965 2471 2004 2511 15
