2217 3559
828 105 1141 154 HORATII
1173 104 1433 154 FLAOCI

553 184 878 252 Importuna
911 187 1099 238 tamen
1136 184 1426 252 pauperies
1461 185 1632 249 abest,

554 259 605 313 N
610 276 672 313 ec
707 260 753 313 si
786 260 944 327 plura
978 259 1140 312 velim
1178 263 1242 312 tu
1278 259 1412 312 dare
1448 261 1703 327 deneges·

558 334 850 388 Contracto
887 334 1079 387 melius
1115 350 1282 402 parva
1319 334 1576 403 cupidine

630 410 935 477 Vectigalia
968 411 1259 477 porrigam,

560 486 735 550 Quam
771 486 816 537 si
852 485 1161 553 Mygdoniis
1197 502 1427 553 regnum
1466 486 1712 554 Alyattei

567 561 786 630 Campis
820 562 1144 615 continuem.
1216 561 1397 615 Multa
1430 561 1749 630 petentibus

570 637 785 691 Desunt
819 636 1016 690 multa:
1052 637 1195 690 bene
1229 641 1317 690 est
1351 638 1439 690 cui
1477 637 1616 690 deus
1651 636 1856 690 obtulit
1911 697 1917 701 ,

632 713 804 767 Parca
838 712 987 781 quod
1022 713 1156 765 satis
1191 716 1278 766 est
1312 729 1490 767 manu.

1045 855 1237 911 XVII.

566 942 717 993 Anu
753 941 970 993 vetusto
1005 938 1203 992 nobilis
1239 939 1309 993 ab
1346 940 1531 1006 Lam0,

568 1015 816 1083 (Quando
852 1017 911 1068 et
943 1014 1153 1081 priores
1187 1015 1313 1068 hinc
1348 1016 1564 1069 Lamias
1600 1015 1787 1069 ferunt

637 1089 1025 1146 Denominatos
1061 1093 1121 1142 et
1155 1093 1416 1157 nepotum

709 1165 817 1218 Per
850 1181 1119 1218 memores
1154 1181 1327 1232 genus
1363 1182 1524 1220 omne
1558 1167 1744 1232 fastOS,

572 1243 816 1296 Auctore
851 1240 923 1293 ab
957 1239 1051 1292 illo
1087 1241 1242 1293 ducis
1278 1241 1541 1310 originem

573 1317 679 1382 Qui
718 1316 1057 1369 Formiarum
1093 1315 1306 1369 moenia
1342 1317 1543 1371 dicitur

642 1393 901 1459 Princeps
936 1394 993 1445 et
1027 1391 1305 1444 innantem
1343 1392 1582 1449 Maricae

712 1466 1012 1521 Littoribus
1047 1467 1291 1520 tenuisse
1329 1467 1498 1521 Lirim

574 1543 713 1597 Late
748 1543 1026 1610 tyrannus)
1064 1558 1184 1595 cras
1217 1542 1361 1595 foliis
1394 1560 1586 1600 nemus

575 1618 769 1673 Multis
805 1620 863 1670 et
897 1616 1021 1684 alga
1055 1617 1186 1670 litus
1221 1617 1402 1671 inutili

645 1693 895 1747 Demissa
930 1694 1227 1758 tempestas
1264 1692 1333 1743 ab
1373 1693 1519 1746 Euro

684 1807 688 1811 -
713 1769 946 1831 Sternet,
982 1782 1157 1834 aquae
1191 1767 1296 1818 nisi
1331 1768 1471 1821 fallit
1506 1785 1679 1837 augur

581 1846 802 1898 Annosa
835 1842 1036 1894 cornix,
1108 1841 1255 1894 Dum
1290 1843 1435 1910 potis
1470 1844 1684 1897 aridum

577 1920 852 1984 Compone
885 1916 1120 1983 lignum:
1156 1933 1276 1969 cras
1314 1917 1549 1982 Genium
1584 1936 1735 1973 mero

644 1991 876 2045 Curabis
912 1996 969 2044 et
1001 2008 1166 2058 porco
1200 1991 1451 2047 bimestri

715 2066 854 2120 Cum
888 2065 1104 2118 famulis
1141 2083 1367 2135 operum
1404 2069 1610 2123 solutis,

1038 2209 1268 2263 XVIII.

579 2295 793 2361 FAUNE,
832 2292 1207 2361 Nympharum
1242 2293 1550 2361 fugientum
1585 2304 1808 2366 amator,

546 2369 687 2422 *Per
720 2384 869 2421 meos
905 2369 1040 2422 fines
1075 2372 1135 2422 et
1169 2369 1352 2436 aprica
1385 2387 1516 2423 rura

578 2444 743 2499 Lenis
777 2443 998 2496 incedas
1033 2443 1309 2512 abeasque
1344 2445 1526 2513 parvis

649 2521 878 2586 Aequus
913 2518 1160 2586 alumnis,

577 2594 637 2648 Si
671 2597 830 2646 tener
864 2592 1025 2660 pleno
1059 2594 1209 2648 cadit
1243 2594 1452 2648 haedus
1486 2612 1641 2665 anm,

578 2669 757 2736 Larga
792 2683 895 2721 nec
930 2668 1133 2722 desunt
1168 2669 1401 2723 Veneris
1439 2671 1611 2723 sodali

576 2745 723 2798 Vina
755 2747 1013 2797 craterae.
1084 2744 1263 2798 Vetus
1297 2762 1393 2798 ara
1426 2746 1599 2799 multo

647 2820 850 2873 Fumat
884 2819 1066 2888 odore,

575 2895 745 2949 Ludit
780 2894 1010 2948 herboso
1043 2912 1209 2964 pecus
1245 2913 1402 2950 omne
1436 2914 1639 2967 campo,

576 2970 715 3025 Cum
749 2969 853 3023 tibi
888 2970 939 3021 N
944 2986 1079 3023 onae
1113 2971 1352 3024 redeunt
1387 2973 1748 3040 Decembres;

579 3041 776 3096 Festus
812 3043 867 3095 in
902 3044 1076 3110 pratis
1112 3047 1270 3098 vacat
1304 3047 1477 3100 otioso

645 3118 782 3171 Cum
816 3117 956 3171 bove
989 3135 1190 3186 pagus;

1962 1634 2005 1673 lo

1960 2010 2003 2051 1⁵

1954 2990 1996 3034 10
