2217 3559
278 93 370 141 140
831 91 1143 140 HORATII
1178 91 1436 142 FLAOOI
2153 0 2199 240 1

1933 185 1996 229 m

278 169 500 238 Ungere
536 169 582 222 si
619 169 800 223 caules
836 171 954 223 oleo
988 170 1213 224 meliore
1248 176 1529 241 caputque

279 244 537 314 Coeperis
572 244 792 312 impexa
826 246 1050 299 foedum
1084 246 1396 314 pon-igine?
1469 248 1666 317 Quare,

279 321 337 374 Si
373 320 590 389 quidvis
625 319 761 373 satis
794 326 893 388 est,
927 319 1195 390 perjuras,
1230 322 1475 391 surripis,
1512 323 1695 377 aufers

280 395 578 465 Undique?
651 397 770 450 Tun
807 399 1009 451 sanus?
1081 397 1351 466 Populum
1388 399 1434 452 si
1471 400 1706 453 caedere
1739 401 1891 456 saxis

283 471 517 540 Incipias
552 488 848 541 servosque
880 476 1006 526 tuos
1036 489 1175 541 quos
1208 490 1336 527 aere
1370 476 1597 543 pararis,

283 546 542 602 Insanum
574 552 635 601 te
670 564 859 601 omnes
892 549 1048 616 pueri
1083 549 1432 618 clamentque
1461 550 1706 618 puellae:
1924 568 1994 607 ιω

281 623 418 677 Cum
452 623 649 691 laqueo
683 640 913 677 uxorem
945 623 1219 677 interimis
1251 632 1596 693 matremque
1631 643 1841 680 veneno

285 699 543 753 Incolumi
561 699 741 767 eapite
757 701 856 753 es?
894 698 1041 764 Quid
1058 699 1220 768 enim,
1235 717 1418 768 neque
1438 705 1504 754 tu
1528 701 1631 754 hoe
1653 702 1788 755 facis
1805 702 1994 771 Argis,

279 774 330 827 N
334 791 397 829 ec
427 774 573 828 ferro
607 780 672 828 ut
705 774 932 828 demens
965 775 1287 841 genitricem
1325 776 1526 829 occidis
1565 776 1806 832 Orestes.

282 853 370 903 An
404 853 469 905 tu
502 850 644 904 reris
678 866 804 903 eum
839 849 1015 903 occisa
1049 850 1319 903 insanisse
1354 856 1598 919 parente,

279 928 364 980 Ac
396 942 504 979 non
538 929 667 979 ante
700 925 858 979 malis
892 924 1208 978 dementem
1243 929 1426 979 actum
1464 927 1646 980 Furiis
1680 944 1847 995 quam
1926 944 1994 984 13⁵

280 1002 346 1055 In
382 1001 575 1055 matris
601 1000 796 1068 jugulo
830 1000 1040 1054 ferrum
1071 1001 1333 1069 tepefecit
1366 1007 1627 1056 acutum?

279 1077 421 1140 Quin
456 1093 527 1130 ex
560 1094 668 1144 quo
704 1080 793 1129 est
825 1075 1049 1129 habitus
1083 1076 1230 1129 male
1261 1080 1416 1131 tutae
1450 1078 1653 1131 mentis
1692 1077 1929 1133 Orestes

278 1152 370 1206 Nil
405 1170 538 1207 sane
570 1151 700 1205 fecit
735 1152 884 1220 quod
917 1156 983 1205 tu
1016 1152 1425 1219 reprehendere
1457 1154 1666 1221 possis-2

278 1229 401 1282 Non
439 1228 678 1298 Pyladen
712 1227 862 1280 ferro
895 1225 1099 1280 violare
1133 1243 1365 1281 aususve
1401 1244 1650 1282 sororem

275 1305 566 1370 Electram,
600 1306 817 1357 tantum
852 1302 1132 1356 maledicit
1169 1302 1394 1371 utrique
1425 1302 1673 1358 vocando
1921 1323 1994 1361 ree

279 1380 436 1435 Hanc
472 1379 707 1444 Furiam,
744 1379 888 1432 hunc
921 1373 1072 1430 aliud
1098 1377 1274 1445 jussit
1306 1378 1454 1447 quod
1490 1379 1783 1449 splendida
1817 1380 1967 1435 bilis.

277 1455 494 1524 Pauper
528 1454 780 1524 Opimius
813 1453 1028 1519 argenti
1062 1454 1228 1520 positi
1265 1453 1411 1507 intus
1448 1458 1507 1508 et
1541 1455 1680 1520 auri,

277 1531 383 1595 Qui
419 1531 785 1586 Veientanum
820 1528 977 1581 festis
1010 1532 1205 1596 potare
1242 1528 1437 1582 diebus

278 1607 555 1678 Campana.
586 1606 777 1659 solitus
810 1604 978 1658 trulla
1014 1620 1357 1673 vappamque
1389 1605 1665 1673 profestis,

275 1683 560 1747 Quondam
596 1681 840 1748 lethargo
873 1679 1065 1747 grandi
1103 1682 1193 1733 est
1226 1696 1534 1748 oppressus,
1570 1685 1634 1734 ut
1670 1682 1830 1735 heres
1911 1698 1988 1737 us

274 1759 312 1812 J
315 1776 403 1813 am
439 1759 641 1812 circum
676 1756 880 1810 loculos
916 1759 977 1809 et
1010 1755 1190 1809 claves
1226 1756 1406 1809 laetus
1440 1772 1716 1825 ovansque

275 1836 554 1889 Cum-eret.
622 1833 790 1886 Hune
818 1830 1065 1884 medicus
1100 1830 1334 1884 multum
1372 1830 1521 1884 celer
1555 1835 1722 1901 atque
1762 1832 1944 1887 fidelis

277 1911 497 1963 Excitat
526 1910 630 1964 hoc
662 1911 849 1977 pacto:
883 1922 1128 1959 mensam
1164 1907 1292 1973 poni
1321 1905 1489 1974 jubet
1523 1910 1692 1976 atque

276 1985 494 2040 Effundi
531 2000 710 2037 saccos
744 1998 1102 2046 nummorum,
1129 1981 1389 2035 accedere
1423 1982 1612 2051 plures

276 2062 368 2117 Ad
392 2059 815 2123 numerandun13
838 2058 1114 2110 hominem
1139 2057 1218 2110 sic
1240 2057 1432 2125 erigit;
1455 2058 1614 2130 addit
1637 2063 1696 2112 et
1718 2058 1883 2114 illud:
1910 2075 1985 2116 15o

273 2138 374 2190 ‘Ni
408 2142 508 2192 tua
541 2134 783 2189 custodis
819 2133 1011 2187 avidus
1038 2132 1158 2195 jam
1194 2133 1330 2186 haec
1364 2134 1585 2204 auferet
1617 2133 1804 2188 heres!

272 2213 431 2268 ‘Men
468 2212 590 2265 vivo
606 2211 641 2265 ’ξ’
704 2210 814 2263 ‘Ut
849 2209 996 2261 vivas
1032 2208 1203 2275 igitur
1238 2208 1427 2276 vigila:
1465 2208 1568 2280 hoc
1602 2209 1734 2276 age!
1801 2209 1982 2271 ‘Quid

408 2289 490 2342 vis
509 2289 551 2342 2’.

271 2365 569 2420 ‘Deficieut
602 2362 821 2431 inopem
856 2375 1028 2413 venae
1064 2363 1124 2413 te
1161 2359 1219 2411 ni
1254 2358 1408 2412 cibus
1445 2362 1614 2428 atque

276 2440 470 2510 Ingens
504 2438 717 2493 aceedit
752 2435 1029 2491 stomacho
1062 2435 1269 2488 fultura
1303 2435 1498 2487 ruenti.

268 2517 349 2571 Tu
372 2533 550 2571 cessas
569 2518 589 2570 2
663 2512 932 2581 Agedum,
959 2527 1112 2564 sume
1135 2510 1236 2562 hoc
1259 2509 1615 2577 ptisanarium
1638 2513 1862 2577 oryzae?
1906 2528 1977 2567 155

276 2589 496 2657 'Quanti
521 2595 738 2659 emptae
757 2589 791 2643 2’
827 2589 841 2614 ‘
859 2587 1061 2640 Parvo?
1098 2587 1112 2612 ‘
1131 2586 1333 2650 Quanti
1357 2600 1489 2652 ergo
1505 2585 1540 2638 2’
1576 2583 1971 2641 ‘Octussibus.'

405 2670 418 2696 ‘
436 2667 622 2720 Eheu!

266 2742 411 2808 Quid
444 2742 615 2794 refert
649 2735 840 2791 morbo
874 2753 942 2789 an
976 2735 1140 2788 furtis
1174 2750 1504 2803 pereamque
1538 2725 1742 2803 rapinis
1759 2738 1795 2790 Y
1862 2733 1874 2788 ’,

264 2818 523 2883 Quisnam
547 2815 715 2883 igitur
738 2813 935 2865 sanus?
1008 2810 1113 2873 Qui
1138 2827 1244 2861 non
1271 2810 1488 2864 stultus.
1560 2810 1706 2875 Quid
1729 2816 1968 2888 avarus?

262 2894 475 2948 Stultus
510 2897 568 2945 et
601 2891 837 2942 insanus.
910 2884 1071 2951 Quid,
1112 2885 1156 2937 si
1193 2886 1317 2953 quis
1353 2901 1459 2938 non
1497 2885 1569 2938 sit
1604 2902 1817 2954 avarus,

263 2969 531 3023 Continuo
567 2964 771 3018 sanus?
844 2960 1086 3013 Minime.
1159 2960 1285 3024 Cur,
1325 2958 1548 3013 Stoice?
1622 2960 1827 3017 Dicam.
1894 2978 1961 3016 ιω

262 3044 386 3097 Non
421 3045 507 3095 est
540 3039 819 3094 cardiacus
857 3037 1166 3103 (Craterum
1204 3034 1409 3087 dixisse
1444 3037 1656 3103 putato)

262 3117 370 3171 Hic
403 3131 594 3178 aester:
630 3114 781 3166 recte
818 3115 905 3163 est
938 3110 1111 3176 igitur
1144 3110 1477 3177 surgetque?
1548 3109 1601 3161 N
1606 3109 1807 3177 egebit,

2111 250 2168 260 sp

2171 3257 2202 3442 ἐπῆγε.
